2580 4514
146 409 215 484 532
308 432 355 482 na
380 431 526 481 sturnus
550 435 594 480 ar
619 433 742 482 causis
768 433 982 486 nonnosum

145 572 227 621 vum
246 545 402 643 digitum
405 545 527 638 facile
544 551 737 618 immittere
753 557 791 618 tn
805 548 908 620 illud
911 553 1083 648 potuerit.
1093 553 1129 620 Et

143 667 256 735 Henr.
278 663 452 759 Albertns
475 663 618 734 Nicolai
632 669 641 745 l
652 661 685 757 ι’)
703 688 789 736 cnm
808 671 1006 763 insigniter
1022 665 1067 738 ad
1080 691 1131 737 ve·

142 781 296 852 siculam
311 805 430 878 usqne
448 803 642 878 expansus·
651 797 746 853 esset
760 781 861 853 idem
883 784 1048 870 canalis,
1067 783 1133 877 ejus

142 896 326 970 orificium
344 924 422 969 non
450 899 573 969 minus
589 921 701 995 quam
725 899 920 971 Heisterus
940 915 1070 997 patens
1085 901 1132 970 iu·

140 1017 253 1086 venit.
263 1015 332 1086 Sed
344 1014 402 1087 vel
416 1014 728 1111 ampliusviderat
736 1014 868 1110 junior
879 1009 1131 1114 Verneyusb).

139 1135 274 1205 Laxius
297 1147 420 1204 autem
438 1130 601 1205 Trewius
619 1130 673 1227 (3)
694 1156 781 1204 cum
804 1131 950 1206 bilariis
967 1132 1131 1206 ductibus

73 1322 76 1329 ,
139 1250 458 1350 pariurdilatatis.
477 1252 646 1340 Quorum
659 1249 884 1322 diametrum
900 1252 1022 1350 triplo
1033 1274 1131 1348 qnam

140 1369 254 1452 solet,
271 1369 449 1464 majorem
464 1364 712 1463 deprehendit
726 1365 963 1464 Kniphofius
976 1368 1043 1465 (4).
1056 1352 1130 1439 Aliis

141 1482 257 1583 hujus
275 1486 444 1583 generis,
465 1506 546 1580 quoe
556 1484 594 1553 in
608 1498 787 1581 promptu
800 1499 951 1571 essent,
971 1484 1131 1557 observa·

138 1603 307 1677 tionibus
325 1598 573 1699 supersede03
594 1626 680 1672 nam
712 1616 748 1673 et
771 1599 827 1670 hae
856 1603 947 1675 satis
976 1617 1084 1692 sunt,
1102 1614 1130 1673 et

139 1745 229 1793 mox
246 1718 299 1813 (5)
318 1717 519 1815 quasdam,
535 1719 572 1788 in
595 1717 731 1815 quibus
748 1743 823 1790 una
842 1720 915 1790 erit
937 1721 1129 1792 multoma-

138 1839 246 1910 ximae
259 1835 509 1922 dilatationis,
526 1859 607 1907 snm
626 1833 891 1931 producturus.
912 1842 1012 1937 Cum
1034 1837 1130 1933 igitur
1161 1818 1171 1935 l

139 1953 236 2026 adeo
265 1952 412 2024 canales
435 1953 494 2024 isti
520 1967 556 2023 et
580 1950 725 2023 dilatari
750 1953 917 2049 possint,
940 1969 981 2026 et
1007 1952 1130 2026 dilatati

95 2112 98 2121 s
139 2071 402 2156 inveniantur3
423 2094 500 2139 nou
516 2083 571 2140 est
585 2093 653 2143 cur
668 2069 809 2165 lapides
817 2070 879 2139 vel
897 2072 1131 2168 grandiuscu-

139 2185 197 2274 los
209 2213 276 2286 per
288 2211 353 2259 eos
366 2187 524 2257 transire
539 2185 703 2283 potuisse
715 2184 955 2275 dubitemus,
973 2191 1045 2262 nisi
1059 2212 1129 2260 cum

139 2307 179 2378 in
197 2303 487 2403 hypochondrio
504 2302 658 2375 dextero
676 2328 753 2375 non
768 2306 793 2374 ii
807 2309 1071 2401 praecesserint
1081 2305 1131 2376 do·

139 2424 239 2496 lores
259 2406 325 2520 qui
339 2420 593 2493 dilatationem
612 2420 712 2491 illam
727 2419 1001 2517 significarent.
1016 2430 1130 2522 ltaque

140 2557 183 2612 ut
199 2535 465 2612 Hoffmannnm
482 2537 609 2624 land0,
617 2537 720 2635 qnod
734 2538 781 2609 de
801 2538 937 2635 viginti
956 2543 1031 2614 illis
1048 2565 1130 2639 mag·

136 2656 318 2730 nitudinis
329 2657 485 2753 insignis
498 2653 686 2751 lapidibus
696 2654 751 2750 (6)
763 2653 878 2726 verba
894 2654 1055 2744 faciens,
1065 2680 1129 2728 non

139 2775 250 2876 plane
267 2771 487 2844 incredibile
505 2773 710 2858 censuerit,
735 2771 774 2842 in
794 2771 980 2848 ductibus
998 2775 1045 2849 de
1062 2773 1131 2872 qui·

139 2889 213 2964 bus
228 2891 443 2987 loquimur,
460 2893 629 2959 minimos
641 2887 781 2980 felleos
801 2889 972 2964 calculos
982 2898 1130 2991 prunum

134 3033 248 3110 posse
271 3008 428 3092 beurere,
453 3011 586 3078 sensim
609 3029 634 3075 a
648 3005 947 3109 preterlabente
965 3007 1039 3081 bile
1055 3030 1129 3104 aug·

141 3140 305 3200 mentum
324 3148 476 3224 capere,
490 3138 527 3194 et
541 3127 737 3195 successive
750 3122 888 3226 borum
899 3126 1080 3199 ductuum
1087 3129 1129 3194 in·

178 3460 223 3546 (1)
244 3463 407 3519 Commere.
422 3463 512 3518 litter.
522 3480 571 3518 an.
587 3464 676 3533 1732,
687 3463 776 3522 hebd.
790 3465 845 3535 33,
862 3483 894 3522 n.
912 3486 960 3539 11,
977 3467 1033 3526 sub
1044 3472 1069 3532 l.

177 3559 222 3644 (a)
244 3566 324 3619 Loco
338 3561 468 3618 indicato
478 3579 568 3637 snpra
578 3562 617 3619 ad
628 3583 657 3619 n.
674 3563 720 3622 13.

54 3685 55 3688 ¹
178 3661 223 3743 (3)
245 3667 311 3719 Act.
324 3662 361 3717 Ν.
373 3663 406 3718 C.
424 3671 446 3717 t.
459 3669 494 3731 t,
512 3661 576 3718 obs.
594 3669 659 3733 ¹4⁰·

67 3780 77 3813 ι
177 3761 223 3843 (4)
245 3760 387 3818 Eornmd.
402 3772 423 3817 t.
440 3761 475 3832 8,
488 3759 552 3818 obs.
567 3761 614 3818 ao.

179 3859 224 3941 (ὅ)
245 3863 283 3918 Ν.
307 3870 353 3932 47.

181 3958 225 4044 36)
246 3962 318 4019 Obs.
334 3979 424 4037 supra
436 3960 473 4016 ad
486 3979 515 4014 n.
532 3959 567 4025 46
580 3958 630 4019 cit.
