2580 4514
149 382 217 472 144
316 406 362 450 ns
389 405 533 451 sumnus
558 406 602 451 rr
628 405 751 454 causis
776 408 990 457 nonnonurr

136 541 313 604 mucoso,
335 533 375 587 ut
394 516 480 588 licet
495 542 697 589 commune
714 535 809 591 esset
821 521 1004 595 omnibus
1020 522 1067 594 ad
1085 524 1132 592 in·

136 635 270 704 testina
299 635 597 721 irritamentum,
630 634 730 707 idem
756 652 881 708 tamen
909 638 1015 710 haud
1047 653 1128 711 esset
1165 704 1167 709 .

137 751 241 848 quod
261 753 299 820 in
320 751 498 822 omnibus
522 753 803 849 exprimeretur.

187 868 298 958 Quod
329 870 359 940 si
387 894 537 954 murus,
557 885 622 939 aut
645 894 770 941 serum
791 871 920 944 colore
944 875 1057 945 etiam
1077 898 1124 945 su

138 986 253 1058 binde
273 987 399 1082 aliquo
423 984 559 1057 infecta
585 1002 806 1082 egerantur,
835 989 911 1060 sive
927 988 1033 1061 hunc
1055 989 1123 1061 bilis

139 1103 269 1190 addat,
285 1106 359 1174 sive
375 1104 425 1175 ita
437 1128 506 1200 per
532 1127 570 1174 se
588 1102 795 1199 prodeant;
827 1104 956 1202 plnres
981 1105 1122 1203 jamdiu

139 1236 225 1291 sunt
243 1219 397 1305 medici,
429 1220 496 1315 qui
516 1219 724 1316 Anglorum
750 1220 900 1293 illorum
924 1223 1121 1322 exemplum

139 1339 278 1425 secuti,
299 1336 413 1406 modo
430 1334 588 1423 crebrae,
613 1361 684 1408 nec
702 1339 780 1409 sine
799 1339 945 1412 acerbis
967 1340 1121 1412 tormini·

138 1457 210 1529 bus
229 1459 303 1529 sint
325 1455 571 1549 dejectiones,
589 1457 743 1528 minime
764 1457 1122 1557 dubitentprolluvia

140 1572 343 1669 ejusmodi,
357 1577 526 1668 quamvis
538 1574 753 1661 incruenta,
770 1574 1001 1670 dysenterias
1015 1574 1122 1674 appel·

138 1692 226 1760 lare.
248 1691 305 1759 Sic
325 1691 495 1775 memini,
521 1715 606 1760 cum
636 1692 811 1762 Bononiae
830 1693 921 1763 olim
941 1692 1122 1792 degerem,

140 1808 346 1904 epidemica
364 1807 573 1878 istiusmodi
583 1807 767 1904 profluvia
784 1834 866 1906 quae
880 1812 1035 1881 Mutinae
1046 1832 1125 1909 gras·

140 1925 340 2008 sabantur‚
358 1922 469 1996 fuisse
489 1950 509 1995 a
536 1926 813 1998 Mutinensibus
832 1926 989 2000 medicis
1006 1928 1124 2025 dysen-

138 2043 250 2113 terias
265 2044 424 2113 vocitata
450 2044 490 2111 in
510 2043 641 2114 litteris
661 2067 754 2140 quas
778 2042 917 2115 dabant
945 2045 992 2116 ad
1019 2050 1123 2117 Rono·

141 2162 307 2249 nienses,
338 2160 396 2231 his
417 2159 518 2229 illam
549 2160 838 2257 appellationem
862 2160 965 2239 haud
996 2164 1123 2261 impro·
1165 2218 1167 2269 :

140 2276 326 2349 bantibus.
347 2277 484 2367 Quales
503 2301 578 2373 prae
590 2278 729 2348 caeteris
743 2277 883 2349 litteras
899 2278 1002 2374 apud
1010 2280 1125 2352 Alher·
1165 2356 1167 2361 ,

140 2397 261 2466 tinum
281 2394 468 2493 legebam,
488 2396 615 2465 missas
635 2394 682 2465 ab
701 2419 745 2464 eo
762 2418 876 2491 quem
889 2393 959 2465 tibi
974 2396 1066 2469 alias
1082 2393 1123 2493 (ι)
1165 2464 1167 2469 .

140 2514 308 2601 laudavi,
327 2518 381 2583 Jo.
401 2514 596 2583 Francisco
609 2513 883 2600 Bernardonio,
898 2514 938 2582 in
951 2514 1074 2612 iisqne
1085 2515 1125 2584 iu·

140 2649 198 2704 ter
214 2631 301 2703 alias
318 2631 511 2702 historiam
523 2629 583 2700 hic
598 2631 752 2701 minime
767 2631 1124 2727 praetermittendam,

140 2751 282 2848 quippe
300 2774 384 2820 curn
405 2749 628 2819 dissectione
649 2748 899 2842 conjunctam.
921 2751 1017 2819 Cum
1040 2749 1125 2822 enim

142 2867 191 2938 ob
202 2867 348 2955 eadem,
364 2866 496 2962 quaein
512 2865 770 2962 dysentericis,
784 2866 959 2952 tormina,
976 2865 1125 2965 suspicio

142 2999 222 3055 orta
252 3000 347 3055 esset
365 2983 555 3078 sanguinis
583 2981 653 3054 sub
678 2983 758 3053 aliis
777 2981 1127 3083 coloribus-delites·

142 3102 274 3187 centis,
284 3098 562 3170 Bernardonius
573 3114 846 3196 peranatomen
859 3099 1068 3173 voluiteam
1079 3110 1128 3171 eut

141 3217 288 3304 tollere,
302 3231 365 3286 aut
378 3201 637 3313 comprobare.
656 3221 746 3288 Rem
763 3233 889 3288 autem
900 3233 962 3302 ,ut
981 3237 1126 3315 praesens

142 3358 296 3431 quoque
318 3332 410 3403 mihi
432 3348 560 3430 postea
574 3331 842 3422 confirmabat,
862 3334 908 3403 ad
926 3333 1031 3406 hunc
1057 3356 1124 3405 rno-

143 3451 232 3521 dum
248 3451 401 3520 invenit.

195 3594 248 3639 12.
277 3567 475 3655 Sacerdos,
500 3568 572 3638 alvi
597 3566 782 3665 profluvio
809 3567 1004 3657 laborans,
1020 3568 1122 3639 varios

141 3778 1120 3807 mm

183 3943 226 4024 (1)
246 3947 339 4023 Epist.
353 3945 407 4016 23,
422 3964 451 4000 n.
467 3962 494 3999 a.
