2580 4514
162 391 236 436 mr.
266 390 323 436 ιιι.
352 390 399 435 ma
426 354 562 435 nonnis
587 388 759 451 vaurms,
785 352 1021 435 rrrsr.'xxx1.
1063 361 1128 446 137

122 522 228 590 mus,
249 526 366 599 quam
390 503 490 599 spei,
508 501 746 598 propriores,
769 503 890 571 caeteri
912 526 1021 586 vero,
1049 499 1130 595 qui-

122 641 289 716 cumque
308 609 552 717 aegrotantem
575 616 774 701 videbant,
796 619 872 713 jam
894 617 1130 715 desperatum

124 737 434 832 pronunciarent.
458 735 560 807 Nihil
577 759 668 806 vero
685 761 790 831 aeque
809 735 997 831 adjuvisse
1022 731 1133 803 nobis

126 853 245 923 risum
265 867 342 940 est,
363 867 475 949 atque
494 853 635 940 urinae,
654 877 735 947 quae
760 851 923 922 ubertim
946 849 1133 949 profluxe-

128 983 233 1058 runt,
253 993 342 1039 nam
357 969 515 1039 sudores
528 971 639 1066 pauci
655 984 690 1038 et
707 969 801 1050 rari,
822 993 947 1064 neque
964 990 1134 1063 unquam

129 1100 205 1156 toto
223 1110 386 1184 corpore
400 1100 681 1184 apparuerunt,
699 1086 804 1155 alvus
822 1101 945 1156 autem
958 1108 1028 1155 nec
1042 1082 1134 1153 mul-

131 1217 185 1290 ta,
219 1229 291 1274 nec
323 1228 407 1300 quae
440 1202 619 1301 prodesse
653 1218 831 1300 possent,
866 1200 942 1272 fere
981 1202 1132 1298 egessit,

131 1343 346 1416 quanquam
365 1321 404 1390 in
421 1319 481 1392 his
498 1320 633 1416 aliquis
652 1319 843 1390 interdum
858 1317 1070 1389 lumbricus
1081 1331 1135 1387 est

132 1436 420 1508 animadversus.

178 1553 209 1624 8.
237 1553 310 1625 Sed
339 1555 454 1651 nigrae
481 1551 692 1624 istiusmodi
712 1552 942 1648 dejectiones
968 1551 1134 1650 pessimae

136 1686 217 1740 sunt
229 1685 396 1740 nontam
414 1671 520 1767 copia
534 1694 647 1765 quam
659 1667 855 1740 effectibus
866 1691 1135 1765 sepenumer03

134 1783 402 1885 significatione
426 1796 551 1857 autem
581 1811 719 1875 causae,
747 1787 940 1858 deterrimi
964 1784 1137 1856 videlicet

133 1903 319 1991 humoris,
342 1926 500 2001 semper.
522 1903 610 1974 Aliae
633 1929 722 1975 vero
746 1906 885 2002 pariter
913 1905 1137 1987 incruentae,

132 2035 173 2092 ut
187 2020 312 2109 flavae,
331 2019 484 2108 virideS,
510 2045 659 2118 aqueae,
687 2021 811 2091 aliaeve
832 2021 1052 2116 hujusmodi
1078 2021 1136 2088 in-

132 2138 282 2209 terdum
297 2162 377 2208 non
398 2136 595 2208 doloribus
614 2153 782 2220 tantum,
800 2137 864 2210 sed
880 2153 916 2209 et
930 2140 1039 2236 copia
1057 2138 1136 2235 ipsa

133 2255 297 2328 exitiales
316 2270 414 2327 sunt.
437 2260 498 2324 Hae
522 2269 646 2325 autem
666 2258 798 2326 omnes
818 2256 1041 2354 plerumque
1062 2255 1137 2324 ori-

133 2374 257 2470 ginem
276 2371 419 2444 debent
437 2373 672 2443 irritamento
688 2375 849 2470 cuipiam
867 2374 1043 2444 intestina
1059 2372 1137 2442 vel·

119 2491 280 2578 'licanti,
300 2489 568 2587 undecumque
587 2491 626 2559 in
644 2492 723 2588 ipsa
738 2490 993 2562 descenderit:
1013 2490 1138 2588 perin-

137 2607 181 2681 de
207 2608 311 2680 enim
336 2621 377 2677 ut
401 2631 421 2677 a
446 2607 728 2679 medicamentis
752 2608 1021 2678 violentissime
1048 2632 1139 2704 pur-

138 2723 574 2854 gantibuspmmodicam
598 2723 770 2796 humoris
787 2726 935 2822 copiam
957 2725 1069 2820 dejici
1087 2725 1139 2793 vi-

138 2841 289 2930 demus,
309 2843 360 2913 ita
374 2841 422 2912 ab
436 2844 604 2939 ingenito
624 2856 688 2913 aut
705 2841 868 2913 demisso
880 2842 969 2911 illuc
987 2868 1031 2912 ex
1049 2856 1141 2912 arte-

136 2962 198 3033 riis
216 2984 333 3032 succo
359 2960 487 3055 aliquo
515 2959 750 3045 stimulante,
781 2959 880 3030 idem
903 2960 1140 3056 contingere,

139 3077 373 3149 credendum
388 3091 451 3148 est.
472 3079 564 3146 Nam
586 3092 720 3174 praeter
737 3102 917 3174 pancreas
931 3131 940 3165 ,
955 3078 1082 3172 jecur,
1106 3093 1142 3149 et

139 3195 252 3293 bujus
274 3195 498 3283 vesiculam,
524 3196 664 3292 exiguae
693 3194 867 3292 quidem,
892 3195 969 3272 sed.
985 3212 1143 3294 propter

139 3313 402 3411 amplissimam
412 3313 676 3383 intestinorum
690 3310 927 3409 superficiem
937 3314 1142 3383 innumerae

138 3433 201 3502 viae
224 3445 314 3503 sunt
341 3455 409 3527 per
435 3454 526 3527 quas
547 3431 586 3498 in
612 3428 688 3499 haec
714 3429 907 3527 quidpiam
934 3430 1074 3501 insoliti
1099 3455 1142 3499 ox

139 3551 319 3647 sanguine
340 3551 469 3618 venire
487 3549 614 3646 possit.
639 3548 861 3645 Eaedemque
883 3547 1142 3618 innumerabi-
1172 3595 1177 3604 -

139 3666 191 3738 les
207 3669 294 3755 viae,
311 3664 379 3736 ubi
397 3664 461 3735 diu
480 3680 593 3763 atque
618 3665 740 3735 acrius
763 3666 939 3736 intestina
954 3666 1143 3735 incessan-

140 3799 220 3873 tur,
247 3784 320 3855 seri
351 3782 609 3854 incredibilem
643 3783 718 3852 vim
750 3782 978 3854 convehunt.
1011 3787 1143 3879 Neque

140 3903 346 3972 enimcum
370 3898 485 3997 vulgo
511 3899 720 3998 putandum
740 3915 815 3991 est,
848 3899 1034 3997 quidquid
1059 3899 1143 3970 flavi
