2580 4514
152 410 156 417 ,
200 355 273 403 um.
295 354 351 402 111.
379 355 425 401 nu
445 352 580 400 Moums
601 351 771 415 vaurms,
792 351 902 398 uersa.
921 352 1056 400 xxxva.
1085 327 1158 418 453

131 465 223 545 ‚bus
242 466 376 563 calculi
401 489 487 537 cum
514 479 636 536 essent
663 465 857 562 superficie
869 487 1056 558 granosa,
1079 467 1156 538 sive

148 591 252 655 mori
262 585 397 676 forma
417 580 581 678 undique
607 580 846 668 taberculose',
871 580 1048 653 videntur
1074 607 1155 680 gra·

149 701 244 771 nula
264 699 311 770 ad
329 697 564 796 superficiem
580 698 798 785 adhaesisse,
820 721 906 766 cum
927 723 1044 795 eaque
1064 724 1156 770 con·

152 818 325 893 crevisse.
340 817 413 907 Qui
430 799 544 914 igitur
561 814 694 886 calculi
712 842 757 887 ex
778 830 960 920 concretae
975 814 1059 887 bilis
1070 842 1154 915 gra-

147 934 253 1006 nulis
280 948 471 1021 coustant,
501 933 651 1004 illorum
671 931 749 1002 haec
780 956 857 1004 esse
877 932 981 1001 initia
1001 949 1154 1006 nonest

148 1051 412 1143 dubitandum.
437 1051 549 1147 Atqui
573 1051 613 1119 in
642 1051 734 1146 cysti
764 1048 874 1121 simul
896 1073 982 1118 cum
1001 1049 1151 1143 calculis

146 1169 268 1241 multa
297 1193 449 1266 quoque
480 1191 641 1237 arenosa
670 1191 894 1263 macosaqac
919 1171 1078 1236 materia
1097 1164 1154 1265 (ι)

146 1302 184 1359 et
204 1285 313 1382 larga
333 1291 524 1382 quantitas
541 1283 664 1355 sabuli
683 1310 760 1354 non
782 1282 895 1355 semel
915 1298 1062 1381 reperta
1084 1297 1149 1371 est,

145 1418 189 1494 ut
207 1417 394 1499 tanquam
410 1407 600 1473 matricem
616 1400 846 1473 calculorum
869 1399 1013 1499 procul
1035 1400 1150 1471 dubio

147 1519 554 1621 considerandamesse
576 1521 764 1590 censuerit
783 1517 881 1589 idem
903 1519 969 1615 qui
988 1519 1150 1616 reperit,

145 1639 203 1711 cl„
226 1638 430 1734 Bergeuius
454 1637 518 1733 (a).
550 1641 681 1734 Itaque
709 1637 738 1707 si
765 1635 885 1707 sabuli
911 1660 1045 1733 granu,
1068 1651 1149 1708 tan-

142 1779 259 1854 quam
280 1753 434 1842 nucle0,
464 1753 550 1826 bilis
583 1768 787 1841 accrescat,
815 1752 919 1825 vides
945 1751 1047 1823 aliud
1076 1753 1148 1823 ini-

141 1870 395 1962 tiumjhorum
411 1872 565 1970 quidem
585 1870 816 1943 calculorum
835 1895 914 1942 esse
931 1869 1145 1944 dicendum.

141 1993 227 2061 Huc
247 1990 349 2081 adde
360 1990 449 2081 alia,
467 2014 487 2060 a
513 2015 571 2060 me
586 1991 674 2061 alias
695 1989 971 2076 animadversa,
990 2003 1026 2059 et
1044 2012 1146 2060 com·

141 2106 296 2210 modius
313 2105 411 2177 infra
436 2106 490 2204 (3)
512 2106 864 2179 commemoranda:
883 2104 988 2177 facile
1007 2106 1146 2176 intelli-

139 2244 208 2322 ges
234 2249 312 2296 non
337 2226 508 2296 omnium
534 2249 611 2298 esse
632 2226 781 2296 initium
810 2247 918 2322 posse
944 2223 1169 2320 grunnium(

139 2357 326 2425 concretae
340 2341 435 2414 bilis.
457 2342 724 2439 sedquoniam
743 2340 903 2412 calculos
923 2339 1144 2438 plerumque

139 2460 345 2558 angulosos
358 2485 443 2532 csse
464 2460 646 2546 diximus3
666 2457 767 2530 uude
787 2458 1014 2559 angulorum
1033 2459 1144 2557 origi-

137 2601 230 2649 nem
254 2593 467 2676 repetemus
485 2578 499 2647 P
517 2579 546 2649 si
565 2577 698 2649 molles
722 2574 845 2648 adhuc
869 2573 1021 2673 plurimi
1042 2575 1144 2670 iique

137 2694 315 2784 rotundi,
332 2697 372 2765 in
390 2720 510 2768 unum
529 2695 604 2766 sive
625 2694 790 2781 ovalem,
810 2690 1147 2795 sive'sphaericum,

137 2826 182 2884 ut
198 2813 239 2882 in
254 2808 532 2911 duobus'paulo
547 2829 632 2884 ante
652 2811 845 2911 productis
866 2807 1062 2906 exemplis,
1091 2809 1143 2879 ita

141 2931 457 3028 compingantur,
478 2946 520 3001 ut
538 2956 582 3001 ex
598 2931 780 3026 cujusque
799 2928 844 3001 ad
865 2928 977 3004 alium
995 2949 1143 3024 appres-

139 3047 248 3119 sione
263 3071 379 3119 novas
395 3047 476 3118 illas
493 3049 690 3145 acquirant
711 3044 867 3133 formas,
885 3044 972 3115 dein
987 3068 1077 3115 vero
1099 3066 1144 3114 ex

141 3188 255 3236 causa
285 3163 410 3262 aliqua
442 3165 637 3256 secedant,
665 3163 766 3238 unde
797 3165 870 3234 orti
899 3164 971 3233 sint
992 3161 1146 3259 anguli,

137 3280 309 3380 proclive
330 3297 384 3353 est
402 3285 559 3380 assequi.
586 3288 725 3355 Verum
755 3283 840 3380 quia
869 3304 1022 3377 perraro
1044 3280 1144 3375 ejus-

135 3398 254 3470 modi
276 3415 481 3470 occurrunt
512 3401 705 3498 exempla,
734 3399 958 3497 plerumque
987 3395 1151 3495 angulos

178 3696 223 3777 (ι)
244 3668 410 3761 ι(Ιοιῑιιιιειό.
427 3703 578 3759 litter.an.
596 3702 687 3773 1733,
705 3666 793 3757 irebd.
810 3698 982 3774 45,pustn.
1001 3697 1032 3753 6.

177 3795 223 3880 (a)
245 3803 283 3857 Et
291 3819 344 3872 an.
365 3805 458 3880 1739,
474 3801 563 3861 hebd.
578 3803 631 3878 39,
645 3821 676 3860 n.
694 3822 719 3859 1.

179 3898 226 3980 (Β)
252 3901 291 3959 Ν.
311 3919 357 3958 aa.
