2580 4514
215 415 285 461 nm.
314 414 372 461 111.
399 415 446 461 nn
472 415 608 462 iromus
634 415 803 479 vaurms,
829 416 943 463 amsa.
968 415 1067 463 xxix.
1103 391 1149 486 73

138 528 212 615 tis,
231 542 269 598 et
283 552 352 625 per
372 529 590 600 saevissimos
611 528 762 601 dolores
780 535 926 601 circiter
944 516 1020 599 tria
1036 529 1150 599 homi-

140 669 233 714 num
247 642 391 733 millio,
410 646 441 716 si
451 646 601 743 Superis
621 645 761 742 placet,
775 646 1030 718 enecantibus.
1042 649 1072 714 N
1077 672 1153 716 am·
1258 644 1261 648 ’

139 787 236 859 que,
256 776 301 832 ut
323 762 537 834 Vallisnerii
563 765 682 835 nostri
705 763 759 861 (ι)
777 766 941 836 rationes
955 779 991 837 et
1009 765 1153 835 monita
1234 776 1238 819 ἓ

140 894 429 976 praetereamus‚
456 906 539 977 quae
566 861 709 952 utinam
740 881 787 952 ab
817 882 990 979 pluribus
1017 906 1152 953 eorum

140 998 209 1095 qui
223 991 394 1093 ejusdem
408 1001 555 1096 generis
572 1000 853 1072 observationes
863 1017 993 1098 postea
1002 999 1152 1071 tradere

141 1117 223 1186 sine
239 1113 317 1186 ulla
333 1115 568 1188 dubitatione
585 1132 854 1214 perrexerunt,
877 1119 971 1188 lecta
998 1115 1153 1189 fuissent

142 1247 255 1330 atque
271 1257 473 1332 perpensa3
485 1251 585 1306 certe
601 1237 640 1303 in
654 1260 695 1305 ea
711 1260 866 1332 quoque
876 1239 1028 1304 XLVIII
1039 1259 1153 1330 quam
1230 1253 1233 1263 ·

143 1349 260 1422 modo
289 1349 553 1440 laudabamus,
577 1352 733 1423 historia
763 1354 820 1421 vir
848 1353 895 1424 ab
920 1359 1152 1423 Hartmanno

144 1466 391 1558 describitur,
404 1471 471 1567 qui
484 1470 659 1541 lacertam
677 1470 747 1541 sibi
757 1471 796 1539 in
807 1472 1019 1542 ventriculo
1034 1472 1153 1542 inesse

143 1582 254 1691 'firme
274 1585 371 1658 adeo
399 1586 596 1676 credebat,
615 1603 658 1659 ut
682 1589 762 1682 ejus
779 1585 938 1658 formam
964 1588 1153 1682 delineare

149 1727 226 1773 non
249 1703 462 1791 dubitaret,
490 1705 584 1778 alius
607 1721 733 1777 autem
757 1706 858 1803 apud
877 1711 1016 1777 Lucam
1036 1710 1155 1776 Anto-

149 1821 252 1892 nium
271 1825 442 1894 Portium
462 1824 524 1920 (a)
543 1848 581 1896 se
599 1825 740 1896 ibidem
760 1850 888 1895 ranam
901 1824 1042 1896 habere
1062 1849 1155 1896 asse·

147 1940 317 2030 terebat,
348 1956 568 2014 coaxantem
595 1942 819 2040 aliquando,
846 1945 941 2014 etin
968 1945 1096 2039 aquis,
1126 1944 1156 2014 si

145 2083 239 2156 quas
269 2062 351 2157 ipse
384 2074 565 2158 potasset,
594 2076 806 2149 natantem;
839 2076 898 2147 et,
931 2060 1154 2147 aemulus,

140 2177 245 2277 apud
274 2183 515 2249 Brunnerum
540 2178 595 2276 (3)
624 2180 760 2250 mulier
787 2195 944 2277 propter
974 2178 1157 2250 stomachi

139 2318 299 2367 morsus
325 2297 494 2394 aliaque,
522 2298 649 2368 vivum
682 2297 821 2367 animal
840 2298 878 2367 in
896 2313 1028 2368 ventre
1055 2297 1155 2369 alere

137 2397 384 2488 credebatur.
410 2420 495 2486 Haec
519 2431 647 2487 tamen
671 2440 741 2514 pro
770 2441 815 2486 eo
841 2415 1014 2502 animali,
1034 2429 1071 2487 et
1094 2414 1157 2487 ille

137 2556 212 2630 pro
238 2558 353 2623 rana,
374 2547 412 2605 et
430 2535 576 2630 primus
606 2558 677 2631 pro
701 2534 859 2622 lacerta,
877 2534 1079 2606 ventriculi
1095 2549 1156 2605 tu·
1267 2611 1270 2615 ,

136 2674 274 2724 mores
292 2666 329 2723 et
353 2650 556 2749 plerosque
578 2653 812 2724 exulceratos
835 2652 1064 2725 babuerunt.
1083 2656 1155 2722 Fac

140 2771 262 2868 igitur
287 2765 334 2838 ad
354 2766 642 2867 Sepulchretum
662 2769 777 2840 addas
793 2769 885 2840 duas
898 2795 942 2839 ex
961 2769 1020 2838 his
1036 2767 1156 2841 tribus

141 2886 381 2959 recentiores
390 2885 577 2974 historias,
591 2911 677 2958 cum
694 2889 771 2960 suis
782 2911 975 2984 quamque
991 2900 1028 2956 et
1041 2887 1156 2985 signis

146 3020 179 3075 et
192 3003 501 3075 dissectionibus.
514 3008 608 3075 Sunt
620 3019 746 3075 autem
758 3030 844 3075 cum
857 3004 936 3075 aliae
950 3003 1083 3100 aliquae
1095 3003 1156 3074 ad-

150 3120 281 3192 dendae
296 3146 342 3192 ex
357 3121 483 3193 minus
504 3121 739 3210 recentibus,
755 3137 796 3192 ut
815 3138 905 3220 puta
923 3146 1037 3219 quam
1054 3122 1155 3219 apud

151 3239 355 3310 Freherum
384 3240 398 3336 (
407 3239 453 3337 4)
473 3239 607 3338 legeris
628 3240 674 3311 de
693 3238 1017 3336 famigeratissimo
1042 3238 1158 3311 cardi·

156 3357 223 3427 nali
240 3358 427 3446 Baronio,
447 3383 561 3454 quem
580 3359 650 3429 tria
668 3357 793 3461 ulcera
811 3359 851 3429 in
871 3384 936 3430 ore
956 3356 1156 3428 ventriculi

158 3552 536 3573 b-——ua—-u--n——n

205 3801 220 3837 a

205 3883 220 3938 3
255 3883 362 3942 Gland.
379 3883 470 3939 duod.
485 3888 509 3938 cl
524 3903 552 3957 9.

205 3983 232 4060 l)
251 3981 372 4041 Theatr.
385 3983 477 4042 viror.
493 3983 578 4041 erud.
592 3985 664 4041 clar.
681 4002 713 4058 p.
730 4002 758 4052 1,
773 4001 797 4040 a.
812 4001 839 4037 2.

192 3679 203 3735 i

192 3780 203 3856 (

192 3881 204 3957 (

192 3982 201 4053 t
