2580 4514
143 434 185 481 10
306 435 353 480 na
379 432 525 485 surmus
549 434 595 480 ar
620 433 744 483 ctusls
770 429 1003 493 nonnosum

138 571 221 644 quae
253 546 491 644 potissimum
529 544 577 616 sd
612 544 692 616 baec
724 547 880 618 attineat
913 565 1144 644 argumenta.

137 663 251 755 Quod
267 689 316 737 ne
330 663 497 750 mireris,
510 661 566 735 fac
585 665 746 762 cogites,
764 689 879 762 quam
898 691 985 737 raro
1003 667 1148 740 accidat

137 798 180 855 ut
204 783 340 879 aliquis
360 783 563 871 moriatur,
578 807 716 879 quem,
742 783 850 868 nullo
863 784 1033 884 graviore
1053 810 1146 856 con-

134 903 270 998 juncto
291 915 355 972 aut
369 902 593 997 insequente
606 900 764 989 morbo,
781 900 950 998 dejectus
970 902 1146 974 ciborum

138 1021 328 1119 appetitus
346 1033 410 1095 aut
430 1019 548 1114 nimia
572 1016 688 1097 fames
709 1021 836 1093 sitisse
856 1023 1145 1118 consumpserit.

137 1137 395 1230 Quamobrem
408 1135 475 1209 ubi
491 1137 539 1208 de
557 1139 727 1234 graviore
744 1137 809 1208 illo
827 1139 973 1235 egimus
987 1153 1051 1211 aut
1063 1164 1148 1238 age-

138 1281 224 1339 mus
236 1256 391 1345 morbo,
416 1259 446 1327 si
467 1254 519 1326 ibi
539 1280 581 1328 ea
599 1257 710 1328 etiam
731 1256 820 1327 vitia
847 1257 956 1328 simul
978 1258 1148 1331 invenies

140 1389 451 1456 commemorata;
473 1374 566 1472 quid
585 1398 681 1471 opus
700 1389 774 1464 est,
793 1389 835 1446 ut
863 1372 953 1446 alibi
979 1399 1149 1448 necessa-

138 1494 197 1564 rio
215 1494 313 1564 dicta
332 1507 396 1563 aut
413 1491 591 1580 dicenda,
612 1492 674 1563 hic
696 1493 880 1581 inutiliter
898 1495 1149 1591 repetantur?

139 1615 273 1697 Versa,
286 1633 432 1706 quaes0‚
446 1607 516 1680 has
528 1624 604 1680 tres
618 1610 760 1707 primas
769 1610 1008 1708 sepulchreti
1018 1612 1149 1683 sectio·

138 1750 216 1807 nes.
224 1731 483 1824 Languentem
493 1727 714 1815 autnullum
726 1729 935 1825 appetitum
949 1753 1035 1803 cum
1049 1753 1151 1824 mag-

139 1848 198 1916 nis
214 1847 400 1917 viscerum
421 1843 655 1934 laesionibus,
668 1845 707 1915 id
720 1861 774 1917 est
790 1871 877 1917 cum
891 1847 1036 1944 magnis
1047 1841 1148 1918 mor·

36 2032 39 2037 .
137 1962 215 2052 bis3
233 1964 425 2061 ingentem
452 1977 578 2034 autem
604 1964 702 2034 sitim
725 1988 812 2039 cum
839 1961 1027 2053 febribus,
1059 1988 1148 2056 cum

73 2077 78 2080 ’
138 2080 520 2167 inflammationibus,
538 2107 625 2170 cum
641 2080 840 2179 hydrope,
863 2079 940 2154 fere
961 2083 1148 2179 conjunc·

138 2214 214 2271 tam
234 2198 389 2271 videbis.
410 2204 541 2296 Itaque
560 2205 726 2270 Bonetus
746 2200 885 2297 passim
910 2199 1059 2272 easdem
1077 2199 1148 2271 ob-

139 2320 369 2392 servationes
399 2318 472 2390 alio
501 2318 587 2388 loco
609 2314 773 2415 proferri
799 2317 847 2388 ab
870 2343 908 2390 se
931 2318 1092 2406 indicat,
1112 2333 1148 2392 et

137 2436 330 2511 nonnullae
354 2437 465 2511 etiam
490 2435 700 2532 dequibus
727 2461 814 2529 non¹
833 2434 1041 2521 indicatum
1071 2450 1147 2527 est,

138 2551 228 2624 alibi
251 2551 508 2651 proferuntur.
535 2551 649 2642 Quod
677 2552 807 2643 minut
828 2552 1045 2641 mirandum
1072 2568 1148 2648 eut,

138 2694 253 2769 quatu
277 2673 319 2742 in
345 2697 423 2759 una
442 2670 651 2769 eademque
676 2672 844 2749 sectione
864 2673 991 2753 iterari
1017 2670 1149 2764 obser-

138 2792 308 2863 vationes
327 2789 487 2871 easdem.
518 2794 563 2861 Iu
577 2790 743 2881 sectione
763 2791 864 2861 enim
883 2794 917 2877 Ι,
942 2789 1043 2867 haud
1069 2791 1149 2881 alia

140 2922 228 2989 sunt
243 2906 525 2979 observationes
536 2912 589 2981 III
610 2923 648 2979 et
665 2913 715 2983 IV
733 2933 847 3004 quam
866 2933 948 3004 quae
966 2911 1005 2991 in
1021 2913 1072 2987 IX
1083 2909 1151 2989 ob,-

140 3028 350 3099 servatione
367 3027 461 3117 est§
479 3051 513 3122 7,
528 3040 564 3096 et
583 3027 622 3107 iu
641 3029 691 3113 X,
707 3028 733 3118 g
753 3051 783 3103 1.
803 3029 933 3122 Neque
947 3027 1026 3098 atiae
1040 3029 1080 3098 in
1090 3032 1148 3101 ΙΙΙ

140 3144 307 3217 sectione
331 3141 613 3223 observationes
631 3145 772 3242 pariter
795 3149 848 3227 ΙΙΙ
876 3159 913 3224 et
935 3150 999 3234 IV,
1031 3170 1148 3243 quam

140 3287 224 3358 quae
235 3263 275 3330 in
290 3267 323 3334 V
335 3277 442 3351 suut,
454 3264 510 3359 §7
526 3277 563 3335 et
573 3263 595 3334 3
606 3317 617 3353 ,
630 3279 672 3339 ut
684 3288 760 3336 una
775 3263 982 3361 eademque
996 3279 1051 3339 est
1064 3289 1148 3360 quac

141 3378 403 3459 observatione
422 3383 548 3474 vl1‚§
572 3409 616 3468 a,
644 3397 681 3457 et
708 3407 790 3480 quae
815 3383 856 3453 in
881 3381 1150 3465 additamentis

141 3497 296 3595 legitur,
315 3498 576 3572 observatione
597 3504 671 3589 IV,
693 3503 719 3595 S
740 3526 770 3590 13
790 3515 925 3599 praeter
945 3501 1035 3583 alias
1055 3524 1149 3598 quas

140 3615 220 3714 ipse
234 3615 400 3693 fortassis
415 3617 698 3701 animadvertes.

194 3763 225 3813 a.
240 3738 295 3807 De
311 3739 347 3813 ΙΙ
361 3750 486 3808 autem
507 3737 673 3815 sectione
688 3738 768 3813 irasc
784 3735 939 3833 quidem
952 3760 1031 3806 non
1048 3734 1149 3828 dico.

141 3853 237 3933 Illud
255 3868 381 3927 tamen
405 3852 512 3941 dico,
527 3855 683 3933 nimiam
701 3852 838 3937 famem
854 3856 973 3952 ipsam
993 3877 1149 3955 quoquc

141 3969 254 4044 fuisse
274 3994 360 4050 ‚cum
378 3971 695 4072 gravioreealique
719 3971 857 4059 morbo
883 3971 1149 4068 conjunctam,
