2580 4514
152 357 222 430 538
318 381 364 426 nr
390 378 536 425 samnus
562 379 605 427 rr
630 378 754 446 causis
781 380 1000 429 monacnum

147 495 220 566 bus
242 492 346 578 dicu,
365 489 671 579 munctionibus,
697 488 867 583 fotibus,
892 493 1049 567 balneis.
1069 494 1139 585 Qui·

148 610 221 681 bns
237 607 444 697 omnibus,
468 607 535 681 ubi
555 607 755 706 plenitudo
776 613 981 710 sanguinis
1001 613 1067 698 sit,
1082 636 1139 685 non

147 727 257 798 video
279 752 346 798 cur
371 751 450 799 non
477 725 592 820 hujus
626 727 754 800 missio
793 744 1061 827 proponatur,
1080 752 1138 801 noa

147 843 264 915 modo
281 871 329 916 ne
350 842 446 917 forte
467 841 710 919 inflammatio
729 841 816 932 fiat,
832 870 973 919 verum
989 848 1095 919 etiam
1107 870 1139 921 nt

145 961 384 1032 vasculorum
405 960 592 1057 turgentia
618 962 798 1058 angustia
823 965 981 1037 viarum
1002 987 1137 1061 augear·

147 1094 220 1188 tpr.
240 1084 358 1153 Porro
376 1093 416 1152 ut
432 1103 514 1174 quae
529 1077 669 1166 laxant,
687 1080 930 1153 commendo
946 1082 1091 1170 omnia,
1105 1081 1138 1155 ita

147 1221 229 1294 quae
251 1198 419 1283 irritant,
443 1194 687 1269 vehementer
718 1213 896 1295 suspecta
926 1196 1061 1272 habeo.
1084 1201 1137 1269 De·

146 1316 365 1388 trimentum
379 1315 482 1387 enim
494 1312 598 1411 quod
611 1311 795 1403 inferunt,
816 1315 964 1395 ductus
979 1316 1027 1389 ad
1041 1339 1136 1389 coare

146 1435 325 1504 tationem
350 1432 557 1529 adigenda,
580 1448 726 1506 certum
754 1449 836 1523 est;
863 1434 1014 1509 utilitas
1037 1449 1133 1508 auten

146 1575 260 1646 quam
272 1549 320 1621 ab
335 1551 560 1648 impulsione
584 1566 621 1624 et
639 1552 856 1625 extrusione
879 1553 1022 1627 calculi
1034 1553 1135 1651 plura

147 1683 364 1765 expectant,
385 1669 535 1741 incerta.
567 1673 614 1742 At
640 1671 742 1742 enim
776 1670 983 1772 exempla,
1014 1669 1133 1768 inquis,

147 1784 379 1857 calculorum
400 1783 734 1872 circumferuntur,
755 1811 856 1884 quos
872 1787 1002 1861 valida
1022 1786 1132 1886 pellen-

130 1894 216 1989 'tia‚
232 1876 460 1975 autlortiora
476 1907 631 1977 emetica
653 1917 689 1975 et
712 1905 920 2003 purgantia
930 1905 1130 1979 eduxerunt

144 2022 285 2089 Fateor.
309 2009 380 2092 Sed
395 2017 540 2093 felicem
558 2045 664 2093 casus
683 2023 938 2095 temeritatem
960 2031 1047 2121 quis
1064 2044 1131 2093 con·

144 2136 241 2207 sulto
259 2139 396 2208 imitari
425 2138 581 2225 audeat,
600 2138 763 2236 quinon
788 2139 882 2211 sciat
900 2141 1015 2237 (quis
1030 2152 1130 2213 auten

142 2279 213 2352 pro
237 2271 340 2327 certo
358 2257 503 2351 sciata)
523 2257 601 2328 vias
620 2256 704 2330 satis
717 2257 793 2352 jam
817 2280 902 2331 esse
933 2258 1088 2343 laxatas,
1100 2267 1131 2325 ut

141 2372 238 2444 nihil
256 2373 326 2443 nisi
340 2372 469 2445 ultima
487 2373 664 2470 impulsio
675 2389 712 2445 et
728 2373 881 2471 agitatio
903 2373 1131 2461 desideretur,

140 2516 219 2561 non
234 2514 324 2561 vero
337 2490 461 2562 adhuc
477 2516 558 2562 rem
574 2506 704 2564 contra
724 2515 761 2565 se
780 2489 953 2579 habere,
976 2508 1013 2565 et
1030 2493 1068 2562 in
1084 2511 1131 2563 cas

141 2609 331 2706 angustias
360 2609 574 2704 conjectum
598 2632 839 2706 praepropere
868 2609 918 2681 iri
945 2608 1132 2694 calculum,

139 2725 241 2799 unde
253 2724 347 2794 nihil
360 2726 476 2823 possit
486 2725 680 2824 expedire,
693 2751 771 2822 quo
781 2727 902 2822 magis
917 2741 958 2799 et
968 2727 1131 2799 cruciatus

140 2859 310 2916 crescant
340 2858 376 2915 et
408 2843 574 2940 pericula
603 2858 819 2941 augeantur.
847 2847 897 2914 Et
923 2868 1016 2917 sane
1041 2839 1130 2913 rideo

138 2959 409 3032 Hoffmannum
428 2957 496 3054 (ι)
526 2957 750 3047 docentem,
778 2960 944 3031 emetiea
965 2984 1064 3057 soepc
1080 2953 1130 3027 de·

131 3078 324 3177 prehendi
344 3102 484 3148 summe
508 3081 735 3174 perniciosa,
811 3081 847 3153 si
861 3075 1000 3149 ductui
1016 3078 1127 3169 cyatica

138 3195 380 3268 inhaerescens
406 3193 572 3266 calculus
592 3198 784 3288 graviores
807 3195 912 3263 circa
925 3186 1127 3291 praecordio
1167 3196 1169 3205 '

139 3314 255 3406 efficit
281 3318 517 3398 anxietatem
540 3308 849 3385 Reverhorstium
884 3309 965 3405 (a)
996 3322 1126 3388 autem,

135 3453 415 3527 quemcumque
437 3427 594 3501 ductum
613 3424 776 3499 calculus
802 3424 1004 3517 obstruat,
1027 3418 1126 3495 romi·

135 3547 231 3623 toria
247 3550 385 3644 anceps
407 3570 485 3619 esse
508 3542 662 3617 remedii
672 3568 810 3640 gentes,
836 3542 1000 3632 libenter
1014 3544 1124 3637 fater·

134 3713 1120 3743 u---a--——u—-------1—··=--—---—·-uu--·=·--u·u·--···¹v-·---—·-=-=--=··⁸w

171 3830 215 3907 (1)
237 3830 270 3886 C.
290 3848 324 3886 12
337 3825 426 3904 sopra
441 3829 479 3885 ad
493 3849 523 3885 n.
540 3834 575 3896 dt
589 3828 638 3884 cit.
653 3827 687 3882 in
698 3827 805 3882 cautel.
820 3830 837 3896 ς
855 3849 884 3887 ι.

168 3931 213 4008 (a)
234 3929 359 3989 nissen.
376 3948 468 4005 supra·
482 3930 521 3987 ad
532 3949 564 3986 n.
581 3927 620 4014 ιδ
635 3927 684 3986 cit.
698 3930 718 3997 ς
731 3924 785 3986 66.
819 3963 822 3968 ·
902 4011 907 4021 .
