2580 4514
143 360 209 464 198
303 368 359 434 mr'
378 382 524 434 sentens
548 384 593 432 nr
619 375 743 433 causis
768 376 981 434 uornoumr

136 498 270 574 Bidtoo
283 522 482 598 nunqnam
503 484 706 596 conspecta
730 498 965 570 existimabat
982 496 1002 596 (
1010 498 1053 597 ι).
1066 502 1130 598 Ego

138 619 346 691 Valsalvam
379 617 598 689 accersitum
631 616 846 687 Faventiam
869 618 1056 708 memini,
1085 640 1133 687 me
1178 684 1180 695 ,

139 737 358 820 comitante,
373 735 419 805 ad
436 734 707 832 amplissimum
725 733 867 823 virum,
883 758 998 833 quem
1018 735 1133 808 eadem

139 855 243 952 signa
254 851 387 925 codem
402 853 522 924 teneri
540 849 694 940 morbo,
704 863 769 922 aut
782 867 883 924 certe
898 853 965 950 qul
982 852 1030 925 ad
1045 855 1134 926 hunc

136 972 295 1070 propius
313 969 524 1055 accederet,
539 968 860 1041 demonstrabant.
878 970 1039 1060 Qualem
1055 986 1091 1044 et
1102 972 1131 1041 in

140 1090 219 1160 aliis
239 1105 368 1178 antea,
386 1086 481 1157 mihi
510 1085 660 1158 dicebat
684 1108 766 1158 ase
791 1085 1052 1177 observatum,
1081 1113 1135 1189 per

139 1221 340 1278 anatomen
362 1228 539 1303 quoque,
559 1218 601 1275 ut
620 1210 735 1301 pnt03
755 1227 842 1274 nam
863 1205 903 1274 in
921 1204 1006 1302 ejus
1021 1207 1136 1280 disseo

137 1327 306 1399 tionibus
331 1322 425 1394 nihil
457 1321 641 1418 ejusmodi
671 1322 816 1409 inveni3
839 1321 902 1393 sed
930 1337 1079 1397 tantum
1103 1325 1133 1394 in

140 1444 219 1514 aliis
237 1433 375 1513 chartis
392 1439 579 1538 quidquid
593 1439 640 1510 ad
656 1462 774 1537 aegros
789 1439 921 1512 attinet
936 1441 1035 1515 duos
1054 1467 1135 1542 quos

140 1561 249 1631 aunis
259 1559 402 1654 aliquot
414 1572 498 1655 post
509 1557 619 1643 vidit,
633 1571 676 1628 ut
688 1557 844 1630 consilia
863 1582 935 1654 pro
946 1560 993 1631 iis
1012 1563 1136 1660 scripta

141 1677 412 1748 demonstrant.
428 1679 471 1745 lu
487 1689 652 1772 utroque
668 1699 799 1747 eorum
814 1672 1096 1766 difficultatem,
1111 1690 1137 1749 et

53 1802 55 1806 ’
141 1791 313 1866 dolorem
329 1793 368 1862 iu
384 1791 573 1891 egere'ndo
590 1792 637 1862 ad
653 1790 848 1890 glandulas
859 1791 973 1866 refert
990 1797 1030 1866 in
1047 1811 1138 1869 recto

140 1914 319 1984 intestino
336 1913 534 1983 crassiores
553 1907 687 1999 factm,
711 1927 748 1983 et
768 1911 806 1981 in
828 1926 932 2009 parte
957 1914 1137 1986 exulcera-

140 2045 212 2118 tas,
229 2055 273 2101 er
294 2031 415 2127 iisque
429 2031 468 2100 in
484 2029 603 2102 altero
620 2030 771 2100 illorum
791 2045 1001 2120 tumorem,
1018 2030 1138 2104 annuli

140 2149 258 2220 instar
268 2149 513 2219 circumcirca
523 2150 803 2246 prominentem
815 2149 915 2227 intra
927 2149 1138 2222 intestinum

141 2266 286 2365 percipi
310 2264 461 2353 scribit,
486 2265 607 2338 tribus
633 2266 783 2338 circiter
808 2288 921 2363 supra
941 2266 1061 2339 imum
1085 2292 1141 2367 po

142 2382 265 2457 dicem
283 2362 417 2482 digitis.
438 2388 521 2482 lpse
539 2409 695 2481 quoque
714 2383 909 2482 superiore
921 2399 1049 2458 aestate
1061 2410 1141 2458 cont

141 2500 262 2575 soltus
281 2524 364 2574 sum
383 2525 454 2599 pro
476 2501 596 2574 nobili
620 2517 809 2588 matrona,
829 2501 890 2573 cui
920 2502 1053 2599 plures
1071 2506 1139 2601 jam

141 2642 290 2692 menses
310 2619 384 2691 alvi
401 2617 507 2692 faeces
527 2644 604 2690 nou
623 2621 695 2692 uisi
708 2622 748 2690 in
762 2619 920 2690 modum
935 2621 1141 2697 institarum

56 2739 58 2743 ’
143 2762 376 2836 compressas
394 2736 604 2834 dejicienti,
621 2752 656 2808 et
673 2737 798 2828 nullu,
818 2736 1143 2812 nisihaemorrlroi·
1169 2820 1171 2825 .

143 2856 233 2928 dum
265 2857 359 2927 vitio
392 2881 430 2955 se
463 2855 635 2928 laborare
672 2856 917 2943 existimanti,
950 2857 1143 2931 inventum

140 2997 263 3071 nuper
282 2972 404 3044 luerat
420 2975 640 3044 intestinum
658 2974 799 3045 circum
815 2974 1052 3072 superiorem
1065 3000 1144 3076 par·

141 3106 218 3163 tem
240 3089 467 3187 sphincteris
483 3092 545 3161 ani
559 3091 728 3189 undique
748 3092 795 3163 ad
808 3092 968 3190 spatium
984 3093 1143 3166 duorum

142 3208 346 3306 digitorum
380 3223 546 3296 tumens,
577 3201 800 3304 arctumque
828 3207 938 3300 adeo,
976 3226 1019 3282 ut
1045 3212 1145 3311 digiti

142 3350 237 3423 apex
256 3326 384 3397 sineri
404 3339 441 3396 et
460 3325 627 3399 molestia
638 3329 787 3398 immitti
806 3352 886 3399 non
900 3345 1039 3426 posset.
1055 3331 1143 3402 Huic

142 3468 228 3515 cum
249 3456 418 3513 tumores
440 3459 548 3515 autea
568 3442 724 3516 fuissent
745 3446 807 3516 alii
824 3446 871 3517 ad
890 3447 1092 3544 inguinum
1112 3462 1143 3516 et

142 3561 336 3632 exillarum
355 3561 566 3659 glandulas,
583 3579 619 3634 et
635 3563 809 3661 pustulae‚
826 3579 939 3660 atque
959 3567 1142 3637 exulcera

179 3946 224 4023 (r)
244 3949 330 4021 llesp.
349 3947 387 4002 ud
400 3947 476 4003 Bidl.
