2580 4514
151 416 197 465 20
316 415 363 461 DE
389 413 534 461 SEDIBUS
560 414 602 459 ΕΤ
628 411 752 462 οΔΠ818
777 413 985 461 MORBORUM

147 525 331 624 Equidem
344 529 457 611 miras
471 550 550 598 esse
562 549 672 622 posse
688 527 728 595 in
741 525 800 597 his
814 525 926 599 rebus
939 528 1153 625 varietates,

147 666 193 732 eo
214 640 394 713 libentius
417 637 554 727 fateor,
576 663 652 736 quo
672 640 789 735 magis
813 653 869 710 tot
895 653 932 710 et
955 653 1030 710 tam
1048 645 1150 712 varia

146 757 317 855 exempla
334 755 488 828 attendo
501 755 621 853 longae
642 754 797 843 inediae,
813 779 895 851 quae
909 754 956 825 ab
977 756 1152 829 doctissi-

145 868 543 969 moviroBeccari0(1)
553 887 590 943 et
600 871 744 945 erudite
756 872 942 970 producta
951 888 1039 944 sunt
1052 889 1089 944 et
1098 873 1150 945 di·

144 992 304 1090 ligenter
313 991 507 1088 pensitata.
516 989 616 1060 Illud
629 1005 753 1060 tamen
762 1043 772 1076 ‚
782 992 809 1061 si
819 1015 934 1086 quam
943 991 1152 1063 rarissimas

145 1108 324 1207 quasdam
331 1108 495 1206 :excipias
507 1132 635 1179 rerum
649 1121 686 1180 et
701 1131 903 1204 corporum
917 1110 1151 1180 constitutio·

143 1250 226 1314 nes,
239 1228 517 1299 satiscumvero
526 1226 740 1297 consentire
753 1223 978 1296 crediderim
989 1224 1149 1321 quodab

144 1345 372 1442 Hippocrate
387 1341 440 1439 (a)
458 1341 635 1413 traditum
654 1359 724 1431 est,
739 1348 862 1413 minus
879 1339 984 1414 facile
1000 1342 1150 1415 adoles-

143 1460 331 1547 lescentes,
350 1465 516 1530 omnium
526 1465 811 1531 autemminz'me
812 1483 956 1556 pueros
962 1460 1149 1556 jejunium

142 1576 259 1665 ferre,
283 1576 547 1674 quodcontra
579 1573 721 1647 facilius
747 1573 868 1648 ferant
898 1578 965 1675 qui
999 1592 1149 1650 aetatem

141 1700 397 1791 consistentem
417 1694 571 1782 habent,
585 1718 688 1765 renes
706 1708 831 1765 autem
842 1693 1052 1786 facillime,
1077 1698 1150 1770 nisi

7 1784 20 1801 Η
142 1807 239 1884 forte
258 1812 332 1884 sint
355 1826 460 1884 aetate
481 1809 661 1899 confecti,
680 1825 723 1882 ut
740 1813 928 1908 sapienter
949 1813 1080 1885 Celsus
1092 1811 1148 1909 (3)

142 1929 409 2026 Hippocratem
435 1929 727 2025 interpretatur,
747 1928 799 1999 sic
820 1929 900 2023 ejus
924 1931 1147 2001 sententiam

142 2046 257 2118 latine
268 2045 450 2118 reddens:
468 2045 630 2116 inediam
628 2045 817 2136 facillime
827 2051 1007 2116 sustinent
1015 2047 1148 2119 medice

92 2178 100 2193 '
142 2178 290 2252 aetates,
307 2170 427 2234 minus
433 2165 611 2256 serenet,
627 2168 776 2233 minime
786 2169 901 2260 pueri
916 2178 953 2234 et
964 2180 1149 2236 senectute
1181 2246 1183 2249 v

142 2282 302 2372 conficti
302 2333 361 2350 .....
380 2285 544 2350 maxime
565 2303 655 2350 vero
676 2285 706 2349 is
725 2280 806 2349 cibo
827 2293 909 2376 eget
926 2288 993 2378 qui
1011 2287 1149 2352 meres-

142 2404 208 2486 cit‚
240 2396 346 2495 quod
373 2395 510 2473 diserte
528 2397 776 2495 Hippocrates
795 2421 948 2494 quoque
967 2399 1007 2468 in
1024 2399 1148 2496 proxi·

141 2539 206 2588 mo
217 2515 272 2612 (A)
285 2513 706 2612 docuerataphorismo.

191 2660 224 2732 7.
251 2631 490 2731 Hippocratis
508 2647 633 2703 autem
652 2633 873 2704 sententiam
897 2630 1056 2704 mirifice
1073 2659 1148 2730 una

143 2748 385 2823 confirmaret
399 2748 577 2838 historia,
590 2749 620 2819 si
633 2773 675 2821 ea
692 2747 846 2846 quidem
862 2803 872 2836 ,
887 2765 929 2820 ut
948 2774 1146 2847 perperam

132 2867 336 2952 ¹Cardanus
359 2868 373 2964 (
398 2865 435 2963 5)
465 2881 502 2938 et
526 2864 812 2938 Zambeccarius
833 2865 902 2961 (6)
929 2865 1147 2957 credidere,

79 2964 82 2973 ¹
141 2983 299 3057 historia
325 3000 444 3071 esset,
474 3007 552 3055 non
579 2984 770 3081 poeticum
798 2984 929 3055 Dantis
953 2983 1015 3082 (7)
1043 3009 1147 3056 com-

245 3357 316 3413 Vid.
329 3358 366 3415 de
378 3358 493 3413 Bonon.
509 3358 556 3416 Sc.
566 3356 660 3415 dead.
676 3366 698 3412 t.
711 3375 743 3428 a,
757 3376 788 3430 p.
805 3375 817 3412 1
832 3358 909 3414 inter
921 3357 1043 3415 medica.

246 3457 324 3515 sect.
341 3476 373 3519 a.
391 3458 461 3532 aph.
478 3457 525 3514 13.

245 3559 290 3613 De
302 3555 408 3613 medic.
421 3557 442 3613 Ι.
457 3574 484 3627 1,
497 3576 523 3613 c.
537 3556 564 3613 3.

244 3856 393 3931 Experim.
407 3854 486 3912 cirea
498 3853 641 3912 diversae
652 3851 797 3910 viventib.
811 3863 936 3910 exsecta.

246 3955 356 4012 Inferri.
369 3964 447 4010 cant.
459 3953 505 4010 33.
