2580 4514
138 380 208 459 4¹⁰
300 395 345 440 nr
372 393 517 440 surmus
543 394 586 439 nr
612 391 735 437 citisrs
761 390 975 438 uonsonuu

136 511 246 595 bam,
264 508 353 606 legit
370 506 481 592 mihi,
505 531 605 577 anno
630 505 743 603 1730,
761 503 939 577 laudatus
966 505 1050 578 alias
1069 510 1121 577 Pe·

138 640 219 697 trus
236 623 283 696 de
299 623 519 696 Marchettis
538 649 583 694 ex
599 623 731 694 litteris
749 622 866 693 vicini
882 623 1041 709 medici,
1054 623 1124 695 utri·

138 767 212 840 que
239 757 413 829 nostrum
433 743 609 838 spectati,
636 742 698 812 cui
722 738 842 838 probe
867 741 1024 839 cognita
1044 754 1126 812 eraut
1175 732 1177 753 ²

138 886 180 932 ea
210 861 338 930 omnia
374 884 457 962 quae.
486 859 704 956 nuperrime
731 857 785 930 ibi
807 857 913 941 unde
942 857 1128 946 scribebat,

73 992 77 1005 '
137 976 315 1050 accidisse
333 978 373 1047 in
389 976 494 1048 hunc
511 975 669 1047 modum
687 974 875 1048 narrabat.

185 1095 244 1168 31.
263 1094 414 1165 Mulieri
434 1094 482 1164 ad
496 1093 697 1165 ventriculi
716 1092 917 1190 legionem
944 1109 1073 1166 tumor
1087 1094 1130 1163 in·

143 1226 333 1298 creverat,
351 1236 467 1308 quem
500 1226 739 1283 contrectans
765 1210 975 1310 chirurgus
1002 1207 1132 1284 cunrad

138 1329 449 1427 suppurationem
466 1327 755 1425 perducendum
773 1329 1009 1418 censuisset,
1034 1350 1131 1426 quau·

138 1446 276 1517 tumvis
290 1445 335 1516 iis
349 1468 432 1540 quac
447 1444 494 1516 ad
510 1443 549 1516 id
566 1459 653 1517 sunt
670 1445 807 1517 idonea
824 1445 1020 1542 impositis
1032 1498 1042 1534 ,
1054 1441 1134 1517 adil·

130 1563 213 1633 ‘lam
243 1562 451 1660 perducere
485 1577 612 1635 tamen
646 1588 724 1635 non
755 1577 945 1661 potuerat.
980 1564 1134 1659 Denique

139 1705 226 1750 eum
245 1695 325 1750 tum
338 1705 399 1751 res
409 1677 525 1751 finem
540 1680 692 1767 habuit,
705 1696 747 1753 ut
758 1695 888 1753 tumor
900 1692 1135 1764 evanesceret,

140 1790 248 1884 cute,
269 1795 336 1868 ubi
353 1797 384 1869 is
399 1794 523 1870 fuerat
545 1801 611 1896 qui
637 1798 732 1870 nihil
749 1797 963 1896 quidquam
986 1786 1136 1871 husiorit

141 1914 332 2003 emiserat,
357 1917 462 2014 quasi
487 1918 527 1986 in
551 1917 734 1989 cicatricis
757 1916 916 1987 modum
940 1940 983 1990 se
1009 1929 1136 1989 contra·

142 2030 267 2102 luente.
286 2037 372 2105 Post
384 2032 463 2105 haec
480 2034 616 2107 mulier
635 2035 821 2133 concipit,
838 2035 1022 2132 uterique
1039 2045 1136 2132 gesta·

141 2150 265 2238 tione,
291 2166 330 2223 et
353 2167 485 2250 partu,
512 2167 549 2224 ct
571 2154 776 2251 puerperio
806 2149 971 2223 feliciter
997 2150 1136 2233 exactis,

142 2291 228 2338 cum
243 2284 345 2340 recte
358 2269 516 2358 valeret,
538 2270 765 2366 lactantique
786 2269 931 2366 optime
946 2268 1010 2342 lac
1023 2267 1137 2367 'prore

142 2386 262 2474 niret,
294 2387 405 2457 tertio
430 2387 511 2482 jam!
544 2387 733 2483 praeterito
765 2411 811 2456 ex
844 2409 924 2482 quo
957 2395 1138 2488 pepererat

139 2526 292 2589 mense,
310 2517 466 2602 repente
485 2502 555 2576 sibi
568 2529 614 2573 ex
632 2529 675 2575 ea
688 2502 902 2575 cicatricula
921 2502 1070 2602 aliquid
1083 2501 1138 2572 tu-

70 2677 75 2681 .
140 2620 258 2692 moris
296 2595 434 2692 stillare
468 2621 589 2693 sentit.
619 2622 795 2720 Inspicit,
830 2620 1049 2721 vinumque
1079 2639 1138 2689 esse

141 2738 264 2838 videt,
289 2738 397 2835 quod
428 2737 544 2809 modo
576 2737 735 2810 biberat.
772 2737 947 2836 Aliquid.
966 2740 1080 2811 etiarn
1106 2757 1140 2806 ex

109 2864 112 2870 '
137 2843 292 2954 sumpta
307 2856 412 2950 pulte
428 2854 536 2943 illac,
555 2857 585 2926 si
603 2871 823 2945 conaretur,
834 2854 1042 2928 extrudere
1055 2868 1139 2955 pote

142 2989 210 3045 rat.
232 2977 268 3045 Is
290 2969 346 3045 rei
364 2989 492 3044 tamen
509 2974 631 3046 exitus
648 2972 740 3063 fuit,
756 2989 798 3045 ut
816 2973 958 3045 mulier
982 2994 1139 3073 persana-

142 3107 271 3178 retur,
297 3092 519 3188 integraque
545 3115 623 3165 esse
646 3106 819 3191 pergeret
843 3091 1085 3179 valemdine,
1106 3088 1140 3160 si·

141 3223 207 3280 cut
232 3207 316 3278 aliis
339 3199 494 3306 quoque
525 3209 714 3298 litteris,a
738 3208 975 3296 Marchetto,
1003 3225 1046 3281 ut
1067 3203 1139 3279 mihi

144 3349 217 3421 pro
232 3349 297 3396 sua
314 3324 547 3399 humanitate
565 3343 713 3426 gratum
728 3324 1141 3425 faceret,·interrogatus

145 3442 315 3517 medicus
334 3443 584 3517 confirmavit.

192 3561 253 3634 32.
268 3563 449 3660 Exempla
462 3563 618 3660 quidem
636 3560 818 3661 perforati
839 3562 1048 3635 ventriculi
1062 3557 1141 3631 lora·

147 3681 249 3752 mine
269 3683 346 3752 sive
370 3682 470 3752 intra
485 3683 627 3753 ventris
652 3706 784 3754 cavum
812 3681 976 3769 latente,
1007 3681 1082 3752 sive
1097 3697 1142 3746 ex·

147 3812 312 3870 trorsum
334 3814 486 3897 aperto,
504 3824 582 3870 non
604 3802 654 3870 ita
674 3823 792 3898 panca
809 3797 935 3896 legere
961 3791 1142 3897 poterisir

145 3911 303 3987 historia
330 3917 486 4013 virginis
512 3912 584 4015 'per
611 3917 743 4015 viginti
772 3930 915 4014 septem
941 3938 1065 3989 annos
1085 3911 1143 3983 hoc
