2580 4514
484 256 511 311 ’ἃ

190 353 259 398 ιιι.
278 351 334 397 ιιι.
353 326 400 396 n'n
421 320 556 395 donnrs
574 347 743 412 vaurms,
762 349 873 396 rrrsr.
893 351 1045 397 xxxvm.
1075 312 1140 426 7ὀι

140 466 272 536 inesse.
294 461 393 553 erid
417 477 498 533 tum
521 462 674 559 postea?
693 460 871 532 Credisne
891 489 971 534 rem
991 465 1045 562 ⁴sic
1065 462 1145 538 fore

141 578 350 679 expeditaln
360 582 384 669 ΡΙ
396 583 514 678 Negat
530 579 762 684 Targlionius.
777 578 852 667 Qui
866 605 952 650 cum
963 582 1024 652 illa
1041 585 1148 655 timet

139 724 188 769 ne
206 678 444 794 interjeclum
461 694 558 767 forte
569 710 763 766 omentum
776 710 840 766 aut
857 699 1074 770 intestinum
1085 715 1148 772 aut

139 819 265 888 viscus
300 815 402 885 aliud
434 812 590 910 aliquod
618 813 855 902 vulneretur,
890 829 927 884 et
961 822 1012 886 ne'*
1042 841 1146 914 aquae

139 958 228 1032 pars
246 958 292 1005 ex
302 929 491 1031 perforato
511 946 619 1001 sacco
639 932 678 1000 in
698 931 840 1002 ventris
864 955 996 1001 cavum
1024 930 1147 1004 effun-

141 1053 272 1139 datur,
310 1073 473 1147 quorum
499 1047 574 1119 hoc
600 1058 726 1118 tamen
745 1049 859 1119 'vitari
881 1073 989 1148 posse
1020 1048 1150 1137 ait,⁷si

141 1169 277 1239 mulier
289 1190 410 1264 prona
425 1164 557 1253 cubet,
574 1180 655 1235 tum
669 1164 747 1235 haec
759 1167 1010 1264 maximequae
1020 1160 1150 1241 Schorl

140 1283 308 1384 kopffius
324 1285 376 1382 (1)
391 1285 502 1370 olim,
519 1298 672 1354 veretur
686 1309 734 1354 ne
748 1286 844 1355 sacci
857 1286 1024 1356 evacuati
1038 1310 1151 1356 mem-

140 1405 261 1476 brana
279 1425 519 1501 gangraenam
542 1417 606 1472 aut
629 1402 757 1472 saltem
773 1406 1084 1500 suppurationem
1099 1404 1149 1476 ob

142 1524 244 1615 aeris
256 1521 463 1620 praesertim
487 1543 678 1590 accessum
699 1518 917 1609 contrahat,
934 1536 999 1591 aut
1019 1522 1049 1592 si
1070 1548 1150 1592 non

143 1640 344 1711 contrahat
371 1661 524 1725 rursus,
557 1651 601 1706 ut
623 1636 745 1707 caeteri
750 1635 963 1728 folliculati
982 1630 1151 1713 tumores

143 1759 287 1846 solent,
306 1756 468 1827 humore
489 1778 558 1826 suo
572 1808 582 1841 ,
597 1753 636 1824 id
653 1769 709 1825 est
732 1778 851 1852 aqua,
874 1757 1075 1855 repleatur.
1106 1763 1152 1831 Et

145 1877 242 1946 mihi
263 1890 363 1947 certe
390 1872 546 1960 accidit,
572 1887 633 1958 ut,
666 1871 757 1943 dum
778 1872 856 1944 haec
880 1876 959 1974 ipsa
979 1901 1152 1949 recense-

146 2019 247 2073 rem,
264 1993 310 2064 ab
329 1991 445 2064 sterili
465 1990 619 2067 femina,
648 1991 863 2074 onsulerer,
879 2006 962 2088 quat
976 2017 1061 2063 cum
1077 1993 1153 2067 dis-

145 2125 295 2183 tentum
312 2014 717 2203 abdomensupedore
740 2129 840 2175 anno
863 2124 1057 2202 gestasset,
1073 2137 1152 2183 nou

147 2230 227 2299 sine
260 2226 395 2320 majori
423 2226 462 2293 in
498 2223 578 2317 ejus
607 2221 757 2292 sinistro
786 2222 901 2292 latere
939 2228 1088 2314 renixu,
1118 2243 1155 2300 et

147 2340 286 2413 frustra
305 2339 463 2412 medicis
482 2362 550 2410 usa
574 2353 669 2409 esset
686 2339 850 2426 auxiliiS,
874 2357 1029 2439 repente
1056 2346 1156 2416 circa

146 2487 215 2533 ver
234 2461 324 2531 anni
343 2458 458 2553 hujus
479 2481 566 2528 cum
586 2454 682 2529 forte
701 2459 800 2527 inter
820 2457 1023 2530 ridendum
1041 2463 1155 2559 paulo

149 2579 410 2651 vehementius
431 2589 653 2646 concuteret
668 2591 858 2664 ventrem,
875 2601 960 2650 ecce
979 2604 1057 2648 non
1076 2581 1155 2654 sine

150 2696 296 2796 crepitu
322 2695 488 2793 quodam
520 2694 634 2764 sentit
660 2693 844 2791 disrumpi
868 2694 1019 2791 aliquid⁴
1032 2698 1070 2768 in
1088 2723 1155 2788 e0,

149 2820 352 2912 ipsumque
368 2813 551 2885 continuo
562 2811 777 2883 molliorem
792 2809 950 2902 factum,
963 2815 1157 2888 insolitum

149 2936 274 3002 autem
302 2932 341 3001 iu
369 2933 446 3001 imo
475 2929 658 3028 pondus,
682 2954 767 3000 cum
803 2954 915 3002 seusu
946 2933 1013 3029 qui
1049 2951 1158 3008 antea

92 3067 94 3070 ’
149 3074 348 3146 nunquam
368 3046 489 3119 fuerat
506 3047 786 3135 fluctuationis,
804 3063 841 3118 et
868 3047 1074 3123 delabentis
1093 3076 1158 3123 cu·
1188 3031 1192 3038 ’

147 3167 299 3265 jusdam
328 3165 508 3264 ponderis
526 3167 565 3235 in
584 3165 624 3234 id
646 3166 742 3236 latus
758 3166 798 3235 in
818 3166 921 3262 quod
942 3191 979 3238 se
1006 3193 1159 3242 conver-

151 3299 257 3358 teret.
281 3286 372 3374 Quae
396 3307 483 3354 cum
506 3281 762 3353 remediorum
789 3308 861 3381 ope
890 3285 1053 3356 multum
1086 3291 1158 3360 seri

151 3426 222 3500 per
233 3426 343 3482 renes
354 3416 392 3472 et
402 3400 578 3471 intestina
589 3398 830 3471 educentium
840 3399 1017 3475 abiissent
1030 3431 1043 3493 3·
1051 3408 1159 3501 quin·

152 3519 276 3593 decim
293 3517 395 3589 haud
410 3516 570 3615 amplius
589 3516 669 3588 dies
688 3518 824 3591 mulier
842 3516 912 3589 sibi
926 3523 1004 3591 visa
1019 3535 1074 3593 est
1091 3546 1159 3621 op-

193 3873 205 3951 ζ
210 3874 238 3950 ι)
255 3873 378 3930 Dissert.
393 3875 430 3931 de
443 3871 529 3951 hydr.
545 3896 627 3934 ovar.
647 3874 689 3932 th.
706 3875 752 3932 25.
