2580 4514
145 403 217 501 276
310 428 356 473 ns
383 426 527 474 seorsus
551 428 596 472 ΕΤ
621 427 745 475 causis
771 428 980 479 nonnosum
1072 460 1076 469 .

143 539 214 612 bus
245 540 430 612 intestinis
459 540 715 627 descendunt,
747 542 798 613 ob
827 545 1025 616 maximam
1045 542 1135 641 clyti

142 659 344 755 partemin
362 681 447 728 vasa
468 658 584 728 lactea
603 659 681 753 jam
706 658 921 751 dimissam,
949 686 1028 733 eam
1056 668 1141 760 spis*

141 781 276 845 siorem
291 780 561 845 consistentiam
584 776 752 847 nancisci
773 777 977 875 incipiunt,
994 804 1069 876 quae
1083 794 1146 849 te*

141 917 236 963 nues
253 917 386 989 urgere
409 893 553 962 tunicas
570 894 687 989 possit
708 908 821 990 atque
844 894 1077 983 distendere3
1092 920 1137 967 aa

143 1025 243 1081 certe
259 1011 329 1080 erit
346 1012 499 1107 spissior
515 1034 593 1106 quo
607 1011 724 1106 magis
737 1035 805 1107 per
816 1011 934 1082 ileum
950 1036 1120 1111 progressa

140 1125 298 1215 fuerint,
326 1128 452 1223 sicque
476 1125 563 1223 plus
591 1125 693 1222 chyli
717 1142 753 1197 et
777 1128 932 1224 reliquae
963 1128 1120 1201 fluidioris

139 1248 259 1344 partis
276 1244 497 1317 dimiserint.
519 1248 651 1341 Itaque
669 1243 957 1336 diverticulum,
976 1247 1075 1345 quod
1088 1260 1121 1318 et

137 1364 219 1461 ipse
243 1362 357 1450 vidit,
386 1361 433 1433 ad
466 1361 582 1449 duos,
613 1361 718 1433 haud
747 1362 929 1460 amplius,
958 1356 1121 1463 palmosa

137 1477 215 1550 fine
231 1480 293 1550 ilei
312 1479 484 1551 distabat.
507 1479 607 1570 Quid
625 1504 715 1577 ergo
735 1495 811 1569 est,
834 1481 985 1579 inquis,
1006 1508 1070 1555 our
1086 1484 1122 1552 ita
1167 1500 1169 1549 ε

139 1596 371 1694 Ruysehium
391 1597 643 1695 intelligamus
668 1598 776 1694 quasi
797 1622 1073 1698 nonnunquam
1090 1597 1122 1669 ad
1165 1590 1169 1707 ι]

42 1782 45 1787 .
139 1714 242 1785 aliud
260 1739 412 1811 quoque
428 1715 644 1785 intestinum
659 1713 879 1786 diverticula
893 1716 1122 1813 pertinerent?
1166 1710 1169 1795 l

137 1830 286 1915 Scilicet
303 1857 388 1902 eum
407 1856 507 1903 meas
526 1831 652 1928 relego
674 1829 978 1921 observationes,
1005 1830 1123 1933 aliquid

138 1948 194 2019 illi
221 1949 426 2047 aliquando
450 1949 650 2038 accidisse,
679 1949 796 2022 credo
820 1975 900 2022 non
927 1950 1125 2024 absimiliter

139 2089 182 2137 ac
195 2067 289 2136 mihi
304 2066 439 2138 accidit
454 2067 568 2163 quiin
582 2080 686 2137 recto
701 2065 839 2154 semel,
856 2069 997 2139 iterum
1008 2069 1048 2140 in
1060 2067 1126 2141 duo

140 2183 241 2256 deno
261 2184 447 2280 ejusmodi
466 2183 660 2281 quidpiam
678 2184 766 2253 vidi.
783 2189 828 2253 In
848 2199 956 2256 recto
971 2186 1125 2283 quidem,

138 2318 180 2372 ut
200 2304 239 2371 in
256 2302 485 2374 Adversariis
503 2302 556 2399 (ι)
575 2303 813 2399 propositum
836 2317 914 2391 est;
937 2305 979 2373 in
1001 2304 1127 2377 duode-

30 2500 33 2505 ,
137 2443 191 2490 no
214 2435 338 2491 autem
363 2421 433 2489 viri
458 2420 683 2517 apoplectici
705 2418 855 2491 duobus
878 2416 1000 2494 ferme
1026 2421 1130 2521 digitis

138 2532 236 2607 infra
269 2538 443 2635 pylorum
471 2536 662 2625 cellulam,
692 2561 769 2608 non
792 2537 956 2609 multum
990 2538 1131 2612 extube-

138 2670 306 2743 rantem,
327 2654 392 2726 sed
420 2652 567 2724 orificio
591 2652 749 2751 digitum
775 2653 1021 2743 admittente,
1046 2655 1132 2728 nulla

135 2773 299 2844 cinctam
328 2773 455 2843 tunica
485 2785 619 2868 praeter
649 2773 847 2861 extimam,
872 2775 925 2844 sic
951 2788 1080 2847 tamen
1101 2784 1133 2843 ut

137 2889 286 2961 nullum
314 2890 470 2959 omnino
503 2887 578 2958 sive
608 2890 818 2985 praesentis,
845 2889 922 2959 sive
953 2891 1132 2988 praeterite

138 3007 423 3077 exulcerationis
441 3004 512 3092 ibi,
533 3019 596 3075 aut
626 3007 665 3074 in
692 3004 904 3078 ventriculo
927 3020 1062 3097 totove
1086 3008 1132 3077 in·

136 3124 360 3193 testinorum
386 3121 479 3192 tubo
501 3137 644 3193 extaret
667 3122 861 3194 indicium.
887 3122 963 3195 Sed
981 3150 1070 3197 cum
1089 3122 1131 3196 di·

17 3256 20 3261 “
136 3240 318 3310 vesticula
348 3237 443 3325 haec,
472 3238 626 3336 quando
655 3254 762 3327 sunt,
790 3239 883 3329 ileo,
907 3255 952 3312 ut
983 3240 1131 3313 diximus

16 3408 25 3420 .
136 3355 362 3452 plerumque
396 3354 614 3452 obtingant,
643 3355 864 3452 longissimo
894 3358 1068 3430 omnium
1088 3358 1130 3429 iu·

136 3473 274 3542 testino
296 3471 424 3568 ibique
440 3471 564 3544 locato
586 3471 652 3543 ubi
669 3473 809 3544 herniae
829 3471 912 3546 fieri
932 3478 1067 3575 saepius
1082 3496 1127 3547 so·

136 3590 242 3660 lent:
275 3613 352 3659 non
382 3590 519 3659 mirum
548 3604 623 3679 est,
654 3591 684 3661 si
723 3615 768 3662 ex
799 3591 873 3663 ileo
904 3594 1123 3691 potissimum

131 3922 139 3933 ὑ
174 3965 217 4045 (ι)
239 3967 441 4029 Animadcit.
461 3967 477 4026 5
495 3966 588 4025 infin.
