2580 4514
152 384 217 430 112
315 384 362 428 DE
388 380 535 428 SEDIBUS
560 381 604 427 ET
630 380 755 428 ctusts
780 380 991 430 Monnouuu

147 497 301 568 materia
317 496 527 593 nigricante
546 493 735 593 turgidam
749 548 759 583 ,
772 519 886 593 quam
906 497 996 596 aegri
1012 499 1154 571 vomita

147 580 357 711 ejiciebant.
380 623 436 683 An
452 612 637 684 biliscum
647 628 765 685 antea
779 630 874 685 esset
894 613 1099 715 subnigra,
1112 611 1154 689 a]

147 731 348 801 admistis
340 756 379 800 m
404 755 449 800 eo
475 731 655 801 intestino
684 732 796 803 certis
824 731 1053 830 quibusdam
1081 732 1148 807 alii

146 845 396 934 humoribus,
415 861 521 917 tauto
542 847 686 951 nigrior
710 845 806 920 facta
824 849 908 921 est?
927 852 985 921 An
1010 851 1085 922 atri
1101 848 1154 923 ali

146 962 238 1064 quid
258 966 402 1035 etiamn
419 964 601 1061 sanguine
626 965 800 1054 accessit,
818 989 862 1037 ex
885 966 1004 1039 erosis
1021 969 1062 1039 in
1078 992 1154 1073 grav¹

144 1084 297 1154 vissimo
314 1082 380 1152 illo
397 1080 532 1152 dolore
548 1081 706 1152 vasculis
725 1077 927 1155 effluente?
945 1088 1043 1156 Cave
1057 1088 1154 1159 enit!

146 1201 277 1273 credas
296 1225 382 1271 eum
400 1224 553 1269 omnem
573 1197 774 1271 humorem
794 1203 1019 1298 sanguinem
1033 1201 1149 1278 fuisse

143 1321 237 1390 Nam
263 1342 389 1414 neque
417 1315 550 1387 cadere
571 1316 784 1388 istiusmodi
810 1317 1062 1391 hallucinatio
1091 1346 1154 1421 po-

144 1452 216 1508 test
228 1438 267 1506 in
282 1435 458 1506 solertem
476 1433 592 1520 adeo,
610 1459 652 1505 ac
670 1436 834 1533 peritum
848 1435 1154 1511 observatorem

143 1579 270 1650 neque
292 1577 335 1623 ea
354 1552 507 1623 demum
537 1550 665 1624 luisset
685 1550 794 1625 effusi
817 1556 1009 1653 sanguinis
1030 1556 1154 1655 copia,

148 1695 230 1767 quae
247 1676 323 1740 tarn
343 1654 417 1740 cito
434 1684 562 1766 posset
578 1669 815 1767 ejusmodi
784 1695 905 1741 virum
924 1672 1154 1745 interimere.

143 1790 238 1857 Sane
257 1789 366 1858 etiam
387 1784 691 1878 Hoffmannus(1
701 1787 750 1883 )
680 1813 919 1884 [juvenem
936 1788 1154 1867 describens

143 1930 164 1974 a
177 1906 294 2001 nigris
308 1904 511 1976 vomitibus
526 1921 562 1975 et
573 1903 851 2001 dejectionibus
864 1921 1075 1997 mortuum,
1086 1908 1154 1993 etsi

143 2024 182 2092 in
210 2022 423 2095 ventriculo
456 2022 627 2123 disrupta
652 2039 913 2121 apparuerunt
942 2022 1154 2123 sanguifen

142 2166 244 2229 vasa,
266 2167 343 2211 non
368 2157 495 2214 tamen
522 2167 542 2212 a
564 2143 757 2240 sanguinis
781 2139 986 2233 ellusione,
1009 2145 1153 2243 quippe

143 2285 226 2357 quae
234 2259 293 2332 vel
303 2259 505 2355 majortam
518 2261 593 2330 cito
601 2285 678 2332 uon
692 2260 917 2347 occidat,sed
929 2286 949 2332 a
960 2262 1153 2361 sanguinis

141 2377 363 2477 putredine,
377 2376 574 2450 cerebrum
588 2375 796 2467 inliciente,
806 2360 969 2451 mortem
978 2377 1150 2457 deduxit:

142 2511 270 2568 secuta
289 2510 413 2568 autem
432 2494 511 2585 baec
528 2512 607 2565 erat
622 2521 728 2585 non,
750 2513 792 2579 ut
815 2498 854 2566 in
874 2513 1028 2585 nostro,
1054 2498 1152 2571 tntu

139 2638 298 2712 paucas,
318 2612 383 2685 sed
409 2612 507 2683 intra
526 2613 660 2711 viginti
684 2624 846 2711 quatuor
870 2613 1005 2717 horas,
1024 2640 1151 2715 neque

139 2732 319 2819 inodora,
344 2732 409 2804 sed
424 2730 653 2802 intolerabili
676 2729 795 2802 fetore
813 2746 894 2802 tum
912 2732 1050 2828 ejecta,
1070 2747 1150 2807 tum

138 2854 179 2923 iu
194 2853 408 2924 ventriculo
424 2865 571 2948 reperta
589 2852 744 2921 materia
761 2848 893 2922 fnermat
916 2855 994 2923 Nec
1010 2868 1150 2925 matro-

138 2996 187 3041 na
204 2971 344 3057 Budaei,
359 2995 430 3041 nec
444 2983 632 3038 mercator
645 2967 848 3056 Schoberi,
868 2970 1063 3073 quamvis
1054 2968 1154 3059 mul·¹

137 3103 178 3157 to
192 3105 301 3161 c1t1us
321 3089 401 3175 bic,
423 3110 536 3185 quam
559 3085 642 3173 illa,
665 3087 828 3176 interiit,
854 3087 968 3158 celeri
992 3088 1092 3159 adeo
1106 3110 1148 3167 ac

137 3207 169 3277 is
184 3206 231 3277 de
253 3231 331 3305 quo
357 3206 512 3302 loquor,
535 3202 661 3288 faber,
681 3203 784 3275 letho
812 3204 959 3302 abrepti
983 3222 1088 3295 suut,
1111 3220 1147 3283 et

136 3340 263 3396 tamen
283 3338 461 3420 corrupta
481 3337 517 3392 et
535 3320 647 3392 fetida
664 3322 874 3418 ejecerant,
893 3346 1014 3418 eaque
1026 3327 1144 3422 copia

137 3460 180 3516 ut
193 3442 384 3540 sanguinis
400 3451 533 3542 parum
546 3442 586 3509 in
602 3442 699 3511 vasis
717 3454 885 3511 restaret.
910 3440 981 3511 ted
1006 3442 1143 3539 qualis,

137 3561 229 3631 dum
248 3559 438 3646 viverent,
455 3557 516 3628 hic
545 3556 691 3646 luisset,
709 3573 791 3628 tum
817 3582 1043 3656 praegressa,
1064 3573 1140 3630 tum

178 3937 221 4015 (ι)
242 3937 352 3995 Medic.
367 3948 424 3994 rat.
440 3947 462 3992 t.
478 3944 510 4009 4,
523 3956 554 4012 p.
569 3956 603 4008 a,
619 3957 643 3994 s.
659 3957 729 4010 1,c.
743 3936 777 4008 3,
792 3937 857 3993 obs.
873 3955 900 3994 a.
