2580 4514
148 398 217 471 292
310 395 356 441 DE
383 386 528 441 sumnus
553 395 597 440 ΕΤ
623 393 746 443 οΔΰ818
771 396 984 446 mousom
1090 400 1096 409 ’

146 509 242 581 nihil
265 521 400 605 posset.
433 510 529 576 Puer
552 523 676 578 autem
692 533 765 606 per
780 533 822 580 os
842 514 966 607 ejectis
985 506 1136 582 stereon'ss¹
1175 574 1179 581 .

146 630 212 699 bus
226 641 399 696 mortuus
414 638 478 695 est.
489 628 570 695 Huc
584 624 680 695 adde
696 626 739 696 cl.
755 628 1132 726 Haguenotii(1)c0m·

144 744 253 842 plura
268 744 307 812 in
322 739 457 811 felibus
473 755 509 811 et
527 740 683 812 canibus
698 746 977 840 experimenta:
993 745 1060 841 qui
1070 745 1137 814 vin·

145 861 232 932 culo
249 860 388 956 injecto
402 857 522 930 eidem
535 860 713 931 intestino
725 912 734 946 ‚
752 874 918 932 stercora
931 848 1142 934 vomebant

143 979 237 1071 Quis
255 1003 275 1049 a
296 978 420 1075 primo
438 1000 457 1046 e
478 977 609 1047 crassis
633 973 712 1047 haec
737 975 888 1049 rediisse
917 1003 1000 1049 non
1027 979 1144 1049 existi··

140 1109 277 1167 masset
289 1096 355 1191 qui
368 1094 495 1163 tenuia
504 1088 616 1163 fuisse
636 1093 785 1165 occlusa
801 1096 991 1167 nesciret?
1007 1099 1144 1191 Nempe·

43 1293 46 1297 ,
142 1239 223 1311 quae
242 1239 288 1285 ex
307 1210 518 1283 ventriculo
538 1206 792 1282 detruduntur
815 1210 863 1282 ad
883 1212 1084 1299 intestina,
1100 1209 1137 1280 il·

141 1331 233 1416 lins,
259 1346 295 1401 et
325 1353 414 1399 mox
442 1326 579 1397 horum
600 1327 741 1414 succis,
765 1343 802 1399 et
826 1331 1091 1427 pancreaticO,
1107 1340 1161 1421 etp

140 1448 216 1520 bile
227 1446 410 1532 admistis,
421 1443 592 1541 pluribus
604 1459 729 1515 autem
742 1448 781 1515 in
797 1445 898 1543 chyli
912 1444 1053 1519 ductus
1064 1470 1136 1544 par·

138 1567 262 1638 ticulis
287 1561 517 1648 amandatis,
542 1562 573 1632 si
592 1586 705 1658 quam
724 1563 763 1634 in
782 1564 914 1635 crassis
939 1562 1136 1650 deberent,

141 1709 223 1755 eam
240 1685 280 1752 in
297 1678 496 1767 tenuibus,
514 1677 750 1752 inflammatis
767 1682 994 1777 praesertim,
1007 1681 1146 1754 habere

138 1823 285 1872 moram
308 1810 512 1896 rogantum
530 1796 699 1867 eamdem
716 1799 756 1867 in
772 1796 829 1869 his
841 1794 1022 1888 referent,
1034 1821 1135 1896 quam

138 1917 180 1988 iu
190 1914 281 2013 illis,¹
297 1911 424 1984 odoris
432 1908 636 1983 foeditatem
647 1927 684 1985 et
701 1915 1011 2005 stercorantem,
1024 1916 1139 2013 siquis

138 2033 252 2121 velit,
270 2056 347 2101 non
367 2031 503 2127 injuria
519 2045 700 2128 poterunt
715 2031 920 2129 appellari,
945 2048 989 2103 ut
1019 2031 1137 2104 docuit

70 2240 74 2248 Ι
138 2149 422 2222 Picolhominus
437 2147 510 2244 (a),
525 2171 665 2244 negans
678 2164 879 2245 propterea
891 2150 1145 2222 necessarium·

138 2293 218 2341 esse
236 2267 411 2365 reliquias
428 2265 502 2336 cibi
518 2267 558 2335 in
574 2289 695 2337 crassa
715 2268 935 2363 pervenire,
953 2282 998 2338 ut
1012 2284 1144 2342 sterce·

138 2389 190 2459 ris
203 2362 401 2483 adquirant
414 2398 598 2453 naturam.
620 2387 763 2457 Verum
782 2398 824 2454 ut
843 2385 1002 2457 minime
1015 2386 1056 2456 in
1075 2385 1138 2456 hoc

137 2503 313 2578 homines
339 2500 537 2588 fallantur,
558 2523 603 2571 ex
624 2499 699 2572 hoc
722 2517 849 2574 tamen
873 2503 958 2600 ipso
983 2502 1026 2573 in
1038 2526 1139 2576 erro·

137 2647 219 2703 rem
242 2621 463 2718 rapiuntur,
493 2643 580 2689 cum
603 2644 622 2689 e
649 2621 779 2691 crassis
808 2645 850 2691 ea
876 2619 1004 2693 redire
1027 2622 1140 2693 existi·

137 2756 262 2833 mant,
280 2763 362 2836 quae
380 2736 541 2808 redeunt
556 2760 576 2807 e
590 2736 777 2809 tenuibus.

188 2883 244 2955 29.
267 2860 313 2928 At
332 2856 434 2927 enim
455 2879 474 2924 e
495 2854 626 2926 crassis
652 2878 772 2951 usque
798 2855 987 2926 intestinis
1013 2854 1150 2952 prove·'¹

135 2979 218 3048 nire
236 2998 346 3074 posse
359 2972 622 3044 demonstrant
642 2971 892 3069 suppositoria
910 2985 948 3042 et
969 2970 1139 3069 clysmate

136 3092 185 3165 ab
201 3092 326 3163 ileosis
340 3114 410 3187 per
424 3113 466 3160 os
479 3089 605 3185 ejecta.
621 3093 701 3186 Ego
711 3114 802 3160 vero
819 3089 866 3160 de
882 3090 1141 3188 suppositoriis

137 3210 225 3284 satis
241 3209 281 3278 in
298 3205 528 3287 Adversariis
541 3205 597 3302 (3)
617 3206 751 3278 dixisse
772 3206 903 3279 videor
923 3206 1021 3304 quid
1038 3206 1147 3280 senti·-

135 3351 239 3414 rem,
269 3337 311 3395 ut
343 3323 390 3395 de
415 3321 635 3418 clysteribus
666 3349 829 3421 quoque.
860 3323 931 3395 Sed
965 3325 1142 3421 quoniam'

136 3442 277 3515 horum
304 3464 374 3537 per
405 3441 590 3510 vomitum
630 3442 875 3536 rejectionem
912 3440 989 3539 legi
1019 3456 1139 3540 postea

139 3600 1137 3645 --·-·----··-----·---·-'---*

85 3736 87 3740 Α
176 3744 222 3822 (1)
240 3745 331 3801 Mem.
346 3743 384 3799 de
397 3743 509 3800 l’Aead.
527 3744 600 3818 Roy.
613 3743 665 3799 des
680 3745 727 3802 Sc.
742 3745 777 3800 Α.
792 3743 877 3815 1713.

173 3845 218 3923 (a)
238 3847 273 3901 L.
287 3863 322 3915 a,
340 3855 420 3900 anat.
433 3845 563 3918 praelect.
581 3863 626 3899 11.

173 3945 217 4025 (3)
239 3944 378 4004 Animad.
395 3944 446 4000 cit.
