2580 4514
121 395 190 448 ma.
220 392 276 447 111.
305 399 351 447 nr
377 389 512 449 nonnis
537 386 706 465 taurins,
731 395 842 452 artsr.
869 396 966 451 xxrx.
1008 371 1052 474 57
1147 374 1151 380 ’

11 516 13 520 '
48 514 165 596 alim,
194 523 231 587 et
260 514 450 610 inaequalis
476 515 700 613 plerumque
726 518 866 587 eratin
893 516 1055 588 brachio

50 630 219 703 dextero.
235 631 400 701 Tandem
414 631 537 729 pridie
550 654 663 730 quam
677 649 908 718 moreretur,
927 632 1056 703 cibum

50 747 171 842 rejicit
210 770 352 844 aquosa
397 750 553 819 materia
584 751 826 846 permistum,
860 749 1057 846 levemque

50 863 223 936 dolorem
249 889 333 935 cum
352 865 585 962 pulsatione,
607 881 718 963 atque
740 866 898 956 ardore,
916 865 963 939 ad
983 881 1067 937 sto···

50 980 175 1052 machi
195 977 389 1078 regionem
411 983 603 1078 persentit.
621 983 736 1053 Paulo
753 997 840 1080 post
857 982 1058 1054 humorem
1121 966 1124 970 .

50 1097 190 1169 ssavum
209 1097 268 1169 bis
287 1100 436 1169 evomit.
449 1103 624 1170 Insecuta
639 1115 749 1170 nocte
759 1122 890 1196 parum
907 1086 1057 1171 dormit.

52 1221 163 1287 Mane
189 1214 327 1285 humili
345 1232 437 1289 voce
459 1215 506 1286 de
525 1215 648 1287 tribus
666 1242 748 1312 quae
767 1241 788 1286 a
809 1214 933 1286 morbi
952 1218 1060 1287 initio

53 1332 201 1404 assidue
218 1331 374 1403 molesta
394 1331 562 1421 fuerant,
580 1332 686 1404 valde
708 1334 969 1431 conqueritur,
985 1334 1059 1421 siti,-

53 1474 170 1548 pravo
198 1451 275 1520 oris
301 1474 459 1547 sapore,
482 1452 620 1522 amisso
647 1452 814 1548 appetitu
835 1477 843 1519 :
864 1466 900 1521 et
927 1448 1061 1538 febris,

56 1593 137 1664 quae
152 1566 352 1663 aliquoties
369 1553 460 1639 sese
486 1583 573 1639 ante
605 1593 649 1638 ex
666 1569 780 1666 pulsu
797 1567 1062 1639 tantummodo

56 1683 291 1782 prodiderat,
309 1681 504 1755 manifesta
519 1684 572 1754 fit.
587 1685 780 1756 Stomachi
792 1701 916 1757 autem
930 1685 1061 1757 dolore

57 1817 89 1873 et
104 1801 320 1899 pulsatione
331 1801 586 1898 perstantibus
600 1827 684 1873 cum
695 1804 839 1900 ingenti
847 1802 894 1874 ad
907 1802 1062 1875 dorsum

57 1919 199 2006 calore,
218 1918 366 2016 pulsus,
386 1920 453 2014 qui
469 1944 622 2018 vespere
637 1921 713 2014 jam
737 1934 815 1990 erat
838 1919 1066 2016 languidus²

51 2059 97 2116 ‚ex
107 2035 230 2106 multa
248 2035 438 2133 sanguinis
448 2035 659 2132 dejectione
675 2035 861 2107 aboletur.
882 2037 1062 2132 sanguini

58 2168 134 2223 erat
161 2151 319 2223 admista
347 2155 501 2223 materia
527 2155 741 2250 gravissime
766 2154 900 2242 olens,
926 2168 963 2224 et
980 2178 1062 2250 quae

58 2268 207 2366 liquatae
220 2270 313 2367 picis
327 2271 455 2356 instar‚
470 2271 680 2342 immissum
695 2270 875 2342 bacillum
885 2326 894 2358 ‚
905 2272 935 2342 si
944 2284 1063 2341 retra-

58 2384 198 2476 heres,
224 2387 462 2484 sequebatur.
488 2393 634 2459 Interea
652 2413 718 2487 pes
744 2389 904 2460 multum
930 2389 1061 2476 dolet3

57 2507 188 2603 reique
205 2528 334 2576 sensus
354 2529 422 2603 per
437 2530 523 2577 crus
533 2505 769 2578 ascendentis
786 2506 962 2594 habetur,
978 2531 1062 2576 sen·
1085 2541 1088 2547 ·

60 2644 197 2718 susque
209 2621 450 2719 postmodum
464 2624 570 2720 quasi
579 2621 759 2720 ponderis
771 2625 810 2692 in
821 2625 898 2694 imo
909 2623 1060 2693 ventris.

59 2741 102 2808 ln'
120 2737 282 2809 brachio
303 2753 428 2810 autem
455 2724 610 2811 dextero
643 2739 825 2810 movendi
849 2741 904 2810 vis
927 2738 1063 2809 sensim

61 2855 215 2942 deficit,
243 2854 446 2928 liventibus
476 2855 698 2954 unguibus:
723 2857 838 2954 idque
864 2855 1062 2927 brachium
1096 2842 1119 2871 '³

61 2998 145 3044 mox
156 2973 270 3070 plane
283 2973 529 3070 paralyticum
543 2973 723 3045 redditur.
736 2976 821 3045 Non
837 2975 965 3072 paucis
980 2989 1065 3043 ante

61 3106 222 3162 mortem
240 3089 345 3162 horis
359 3090 484 3161 crebri
503 3092 549 3162 ad
566 3092 771 3189 praecordia
785 3108 968 3163 tremores
980 3115 1066 3189 per·

64 3209 267 3306 cipiuntur.
303 3210 495 3280 Postremo
520 3211 710 3306 sanguinis
745 3209 956 3305 dejectione
984 3209 1086 3282 red-i

62 3341 195 3412 eunte,
216 3324 462 3422 ejusdemque
483 3328 645 3398 materiae
662 3329 807 3398 vomitu
831 3325 985 3399 fortasse
998 3328 1068 3396 im-

62 3445 246 3530 minente,
257 3457 299 3512 ut
314 3466 472 3529 nausea,
486 3459 522 3515 et
535 3444 665 3515 similis
678 3470 723 3515 ex
736 3469 801 3516 ore
816 3446 923 3543 quasi
935 3442 1065 3515 laecum

64 3561 315 3657 graveolentia
325 3559 563 3648 indicabant,
576 3587 673 3659 aeger
685 3560 861 3635 suffocari
877 3588 914 3635 se
925 3562 1066 3648 dicens,

64 3693 143 3773 post
175 3692 318 3749 sextam
346 3692 384 3748 et
410 3679 639 3777 trigesimam
669 3705 690 3752 a
721 3679 905 3751 stomachi
936 3677 1067 3750 dolore

64 3793 213 3867 ineunte
227 3795 363 3866 horam
376 3795 533 3867 decedit.
546 3796 758 3869 Abdomine
769 3797 937 3886 diducto,
945 3795 1068 3868 omnis

65 3909 326 3988 intestinorum
361 3913 567 3985 substantia
591 3916 782 3988 invenitur
808 3940 835 4008 a
855 3911 1066 3985 ventriculo
