2580 4514
167 362 241 410 cia.
260 363 316 411 111.
344 364 391 410 nn
410 360 547 412 nonan
564 363 733 429 vaurms,
758 364 869 416 amsa.
888 367 1026 415 xxxvn.
1053 346 1119 431 aaa

119 471 357 573 [coquentius
394 478 441 549 sit
475 463 537 548 hic
557 480 760 576 quaeritur,
788 479 853 552 sed
877 478 970 579 quid
988 504 1124 578 perpe-

119 607 229 667 tuum
242 619 252 683 ;
267 609 309 665 ut
328 595 387 666 vel
401 594 494 667 meis
513 593 692 667 duntaxat
705 597 883 695 inspectis
900 595 1126 687 observatio-
1168 663 1170 666 ,

119 710 258 805 nibus,
269 706 456 784 affirmare
469 713 625 810 possim,
639 737 879 811 praepropere
893 713 930 785 id
945 716 1126 813 scriptum
1215 795 1217 799 ¹

119 824 246 901 nnsse.
259 829 490 926 Nigerrimos
506 829 607 900 enim
628 830 815 918 calculos,
837 826 916 902 non
935 830 1051 903 modo
1068 832 1127 902 ni-

119 947 330 1046 gricantcs,
350 946 390 1017 in
407 944 580 1044 pluribus
594 947 705 1018 etiam
721 945 852 1019 mediae
866 949 981 1020 aetatis
992 947 1127 1046 depre-

120 1061 260 1153 hendi,
276 1063 315 1134 in
324 1063 463 1159 juvene
474 1076 598 1133 autem
612 1087 800 1135 annorum
809 1065 942 1163 viginti
959 1066 1127 1163 quinque

119 1191 161 1273 a}
182 1179 222 1248 in
240 1204 315 1266 anu
336 1180 571 1278 septuaginta
591 1181 761 1277 quinque
782 1180 970 1279 (quorum
990 1168 1053 1252 ille
1067 1181 1129 1278 ju·

122 1296 230 1385 nior,
243 1295 323 1368 haec
338 1298 463 1368 senior
487 1293 555 1368 fuit
573 1298 673 1369 inter
687 1289 759 1368 'eos
779 1322 910 1370 omnes
926 1323 945 1370 e
963 1311 1129 1396 quorum

125 1414 221 1513 cysti
246 1413 429 1486 hactenus
448 1415 598 1487 exsecui
616 1413 802 1510 calculos)
819 1411 974 1486 fuerunt
992 1413 1032 1486 hi
1049 1438 1130 1486 non

123 1531 176 1604 ita
192 1530 364 1602 dissimili
383 1536 482 1603 inter
493 1554 532 1603 se
544 1530 691 1619 colore,
706 1546 748 1602 ut
761 1533 1130 1631 nequenigricarent

124 1648 167 1719 in
181 1672 280 1737 anu,
294 1672 365 1720 nec
379 1648 486 1720 valde
498 1648 681 1746 pallerent
695 1650 733 1720 in
744 1649 907 1746 juvene,
925 1650 1130 1748 prasertim
1192 1659 1195 1664 ’

124 1766 157 1839 si
178 1789 264 1838 cum
282 1767 476 1838 cineraceo
491 1764 700 1854 conferam,
720 1792 834 1865 quem
847 1768 972 1868 reperi
989 1768 1028 1838 in
1043 1792 1129 1839 mu·

126 1883 220 1956 licre
237 1907 356 1956 annos
371 1897 458 1957 nata
472 1883 776 1983 undesexaginta.
790 1883 862 1957 Sed
874 1909 923 1956 ne
933 1884 1130 1958 meiunius

125 2015 203 2075 stes
215 1999 557 2085 observationibus,
571 2001 762 2097 juniorem
775 2017 876 2074 certe
895 2028 974 2075 non
988 2002 1061 2100 legi
1076 1999 1129 2074 fe-

123 2107 293 2206 niinam,
308 2119 348 2188 in
366 2142 440 2215 qua
458 2118 586 2215 cystici
602 2118 735 2190 calculi
747 2119 892 2205 inventi
908 2120 1000 2206 sint,
1014 2143 1130 2217 quain
1146 2156 1148 2160 >

124 2237 312 2334 virg'nem
325 2234 427 2306 illam
439 2259 628 2308 annorum
645 2235 901 2334 undeviginti,
919 2261 1002 2334 quae
1018 2260 1130 2334 supe·
1167 2258 1170 2263 ·

126 2351 337 2429 riorelibro
350 2377 371 2424 a
382 2351 590 2450 Boneto(1)
600 2350 787 2450 descripta
802 2367 867 2426 est.
885 2356 930 2425 In
947 2376 990 2429 ea
1005 2367 1129 2425 tamen

127 2469 247 2571 lapilli
270 2472 510 2567 omnesflavi
527 2466 702 2556 fuerunt,
721 2485 760 2540 et
772 2469 884 2553 bilem
897 2468 1023 2541 colore
1035 2471 1131 2563 rafa-

128 2604 262 2661 rentes.
285 2592 425 2660 Contra
438 2579 724 2687 „provectioris
752 2588 868 2661 aetatis
895 2602 973 2659 erat
997 2585 1133 2659 mulier
1177 2615 1180 2627 ¹

127 2705 195 2793 ,illa
214 2730 402 2777 annorum
417 2708 530 2778 trium
549 2720 586 2777 et
598 2705 806 2804 sexaginta,
823 2702 1133 2800 cujnshistoriam
1156 2776 1160 2785 ,

136 2837 314 2897 accurate
327 2825 525 2922 proposuit
538 2806 941 2919 CajetanusTacconus
952 2820 1018 2918 (a),
1033 2835 1069 2894 et
1078 2822 1136 2891 ni-

131 2965 202 3040 gro
218 2942 373 3039 insuper
391 2943 510 3013 ictero
522 2937 664 3012 affecta.
684 2944 856 3012 Attamen
872 2938 999 3011 cuncti
1009 2938 1134 3034 ,hujus

128 3058 269 3144 ¹calculi
283 3084 361 3130 non
373 3059 489 3131 modo
499 3059 555 3131 ad
562 3055 741 3147 albidum,
748 3063 823 3130 sive
837 3056 955 3129 dilate
966 3064 1134 3129 croacam
1164 3077 1166 3082 ’

132 3175 296 3247 colorem
308 3176 555 3265 accedebant,·
571 3174 636 3248 sed
647 3190 683 3247 et
693 3173 917 3265 corticibus,
935 3199 1022 3247 curn
1035 3175 1135 3246 intus

132 3294 262 3368 crocei
274 3310 420 3383 essent,
440 3294 615 3367 instructi
631 3307 738 3366 erant
760 3293 1029 3382 albicantibus,
1048 3292 1138 3366 luci·
1173 3282 1177 3290 ’

131 3411 209 3499 da,
235 3428 451 3508 argenteam
473 3417 605 3487 matria
625 3392 820 3510 perlatum
844 3416 1058 3482 interiorem
1072 3411 1140 3503 fa·

130 3535 226 3599 ciem
241 3527 516 3615 simulantibus.
533 3527 681 3600 Scilicet
700 3542 871 3600 nontam
890 3543 995 3618 aetas,
1022 3552 1136 3626 quam

171 3812 218 3891 (1)
240 3808 396 3888 Sepulchr.
411 3778 479 3884 lia,
492 3831 516 3871 s.
531 3819 566 3884 4,
580 3812 645 3869 oba
662 3811 709 3870 35,

172 3911 217 3991 (a)
238 3915 283 3970 De
294 3914 370 3973 raris
383 3912 522 3988 quibusd.
534 3910 633 3990 hepat'.
648 3912 745 3971 effect.
759 3913 824 3970 obs.
