2580 4514
139 313 210 402 488
303 333 349 379 rr
376 328 588 378 senneser
614 329 737 378 cinsrs
762 327 978 401 mensorum

138 474 213 548 que
233 461 297 518 est.
324 447 381 517 Sic
400 443 590 515 Deodatus
611 443 685 541 (1)
708 459 745 516 et
764 439 1050 519 Dobrzenskius
1071 448 1133 544 (r)

127 583 219 642 ,tum
235 564 372 635 durum
389 564 513 658 jecur,
528 577 610 632 tum
632 563 796 635 calculos
828 563 946 634 simul
965 567 1005 634 in
1030 564 1133 663 cymi,

138 683 250 756 simul
286 683 325 753 in
354 682 399 750 iis
427 679 603 751 ductibus
627 677 762 768 fuisse,
790 679 975 754 referunt.
1007 683 1134 754 Mirum

136 816 262 872 autem
281 825 360 870 non
387 813 462 886 est,
485 801 677 870 materiam
701 798 787 870 bilis
820 799 869 870 ad
884 801 1034 897 regium
1047 824 1136 872 mor·

137 918 231 989 bum
260 914 472 988 faciendum
493 917 533 986 in
553 917 732 1013 sanguine
754 941 976 1006 remanere,
1001 942 1086 991 cum
1100 919 1136 988 il·

139 1039 213 1108 lam
241 1040 348 1132 jecur
372 1049 437 1105 aut
460 1058 680 1122 secernere,
705 1049 770 1106 cut
798 1050 984 1106 secretam
1017 1061 1065 1107 ne
1093 1061 1138 1108 re·

139 1156 250 1251 liquee
274 1153 520 1224 secretionem
546 1149 766 1249 prohibeat,
794 1168 899 1231 extra
929 1176 973 1224 se
1003 1155 1137 1224 mittere

140 1297 220 1344 non
239 1285 371 1368 potest.
399 1275 481 1341 Huc
502 1285 627 1340 autem
659 1267 895 1342 referendam
931 1295 1016 1343 esse
1050 1271 1138 1342 illem

143 1415 297 1487 quoque
320 1404 483 1459 veterem
503 1386 804 1458 observationem
816 1388 870 1482 (3)
893 1387 935 1458 i1'1
960 1389 1141 1461 matreha·

142 1507 257 1579 bitam
282 1503 511 1604 'professoris
532 1505 795 1586 Bononiensis,
823 1502 932 1576 facile
972 1506 1141 1603 intellige

144 1651 226 1714 res,
246 1628 275 1696 si
302 1625 445 1720 integra
467 1619 708 1720 proferretur.
727 1626 783 1692 Tu
803 1644 896 1693 vero
915 1621 1040 1711 hanc,
1057 1621 1143 1693 utit

143 1742 216 1811 lam
235 1740 370 1812 Vesalii
386 1764 500 1836 quam
519 1740 633 1837 paulo
644 1755 729 1811 ante
741 1738 1031 1832 iudicabamus,
1046 1738 1142 1810 bisin

144 1881 220 1927 una
237 1857 444 1952 eademque
464 1858 629 1928 sectione
654 1857 755 1954 legas
777 1840 950 1954 oportet3
971 1870 1031 1931 est
1053 1857 1143 1928 enim

143 1975 251 2071 (qnis
269 1999 289 2044 a
305 1974 427 2070 primo
445 1973 614 2045 crederet
626 1974 663 2067 Ρ)
682 1975 752 2045 ista
776 1975 856 2071 ipsa
875 1999 965 2071 quae
983 1973 1084 2046 infra
1097 1972 1144 2070 (ἀ)

145 2095 256 2164 etiam
271 2091 445 2187 ponitur:
467 2088 572 2186 quod
587 2088 694 2162 facile
708 2114 933 2189 cognosces,
954 2105 1145 2189 utramque

144 2210 243 2280 inter
263 2232 319 2294 se,
340 2222 477 2278 etcum
501 2232 543 2277 ea
563 2205 793 2280 conferendo
811 2233 896 2304 quae
918 2208 959 2278 in
990 2210 1146 2282 sectione

147 2324 281 2417 aliat5)
291 2326 488 2423 proposita
500 2321 642 2414 fuerat,
658 2327 717 2398 vel
729 2327 854 2423 potius
866 2350 954 2397 cum
970 2327 1042 2398 illo
1051 2311 1148 2424 eque

145 2443 272 2515 habita
292 2459 346 2514 est
369 2445 519 2514 Coitero
535 2443 608 2534 (6);
630 2445 699 2514 etsi
727 2445 826 2515 enim
858 2446 973 2516 toties
1000 2445 1149 2544 repetita

148 2576 203 2632 est
221 2563 259 2630 in
277 2560 545 2658 Sepulchreto;
568 2584 717 2658 semper
735 2576 860 2631 tamen
886 2563 1066 2659 neglecta
1090 2561 1149 2634 tuit

148 2681 311 2749 auctoris
329 2677 537 2766 dubitatio,
565 2680 719 2750 minime
741 2679 913 2775 alioquin
934 2681 1150 2778 praetermit-

149 2795 283 2883 tenda3
301 2821 423 2893 neque
446 2797 545 2867 enim
567 2797 714 2895 scripsit
733 2802 834 2895 regio
856 2800 992 2868 morbo
1015 2797 1150 2870 labora·

151 2929 224 2981 rat:
246 2912 310 2983 sed
327 2918 448 3009 regio,
468 2919 510 2982 ni
512 2914 661 3004 fallor,
684 2915 812 2985 morbo
831 2912 1148 2995 laboraratVides

151 3029 264 3126 igitur
275 3029 461 3129 producta
473 3033 686 3102 testimonia
702 3029 902 3122 infirmari,
914 3034 945 3104 si
960 3035 1049 3131 quis
1058 3046 1147 3104 recte
