2580 4514
159 397 235 444 mn.
257 396 312 443 111.
342 396 387 442 un
413 396 546 441 uonms
568 395 736 457 vrnrrus,
762 396 875 443 nmsr.
898 397 1018 441 xxxvi.
1048 369 1117 469 375

119 526 179 581 rut
214 532 324 606 aequo
350 509 471 604 major
495 522 558 577 aut
586 506 718 576 durior
747 503 846 578 suit:
874 531 937 578 vas
965 533 1118 606 quoque

119 651 234 697 rreve
252 639 318 696 aut
339 604 520 712 drassius,
542 639 605 694 aut
620 624 800 721 sanguine
818 649 862 694 ex
881 639 986 721 parte
1004 627 1120 724 turgi-

119 744 237 832 lum,
255 757 318 814 aut
340 743 450 839 nigro
471 740 600 813 saltem
617 741 743 813 colore
757 742 798 811 in
812 743 1011 814 ventriculi
1025 745 1122 816 inte-

119 860 291 932 rioribus⁴
300 860 547 956 conspicuum
558 913 569 947 ,
582 858 710 956 ibique
725 858 838 928 ramis
853 873 917 929 aut
930 858 1121 958 disruptis,

119 994 183 1050 rut
203 1001 337 1048 eorum
359 976 486 1074 aliquo
503 977 554 1048 sic
576 977 616 1046 in
637 975 886 1048 ventriculum
905 976 1053 1072 pervio,
1081 992 1124 1049 ut

119 1097 211 1168 diue
232 1095 373 1191 stylum
385 1109 449 1166 aut
465 1092 615 1180 ilatum,
632 1107 696 1164 aut
714 1094 823 1163 etiam
841 1094 1059 1191 sanguinem
1073 1094 1125 1165 le·

119 1215 218 1285 viter
237 1221 453 1308 c'ompresso
473 1209 539 1279 illo
555 1233 666 1297 vase,
689 1208 909 1281 admitteret.
934 1209 1011 1278 Etsi
1034 1234 1125 1280 vero

119 1330 259 1426 aliquis
274 1327 427 1398 minime
448 1328 651 1424 ignorans,
670 1351 782 1424 quam
798 1351 876 1397 non
887 1323 1038 1397 difficile
1055 1352 1125 1424 per

119 1446 224 1516 laxas
238 1445 278 1515 in
293 1442 537 1517 cadaveribus
553 1443 802 1515 distentorum
818 1443 1052 1514 ramulorum
1066 1458 1125 1516 tu-

119 1563 227 1633 nicas
258 1576 323 1633 aut
342 1561 478 1659 stylus,
497 1574 562 1630 aut
579 1561 732 1659 impulsi
751 1560 879 1649 ssatus,
899 1559 1124 1633 humoresue

119 1681 222 1750 viam
251 1704 333 1776 quae
360 1693 466 1750 antea
486 1703 563 1749 non
590 1694 757 1776 pateret,
781 1677 851 1750 sibi
876 1679 1020 1777 possint
1038 1702 1124 1776 ape-

119 1798 222 1882 rire,
241 1794 381 1868 dubius
396 1792 492 1866 forte
513 1795 649 1866 haereat
663 1797 700 1866 in
719 1796 894 1894 quapiam
908 1795 1042 1867 harum
1060 1794 1125 1866 ob·

119 1913 402 2001 servatiouum3
431 1929 556 1985 tamen
581 1938 649 2011 per
665 1938 725 1984 me
743 1938 804 1985 eas
819 1912 885 1986 tibi
903 1912 1063 2010 probare
1080 1913 1125 1982 li·

120 2046 207 2120 cet,
225 2029 435 2134 dummudo
453 2032 690 2121 memineris,
710 2055 845 2128 paucas
866 2055 963 2117 esse,
988 2032 1018 2102 si
1039 2055 1124 2101 cum

122 2149 268 2222 ceteris
298 2172 589 2248 comparemus:
616 2172 687 2219 nec
712 2145 817 2220 sacile
842 2172 928 2220 cum
957 2147 1126 2219 Wedelio

123 2265 369 2341 statuendum
380 2291 458 2339 esse
472 2265 527 2364 (ι)
538 2319 549 2351 ,
556 2269 794 2362 frequentius
805 2272 987 2337 uomitum
1001 2289 1127 2336 cruen-

125 2401 205 2459 tum
228 2390 322 2455 oriri
339 2399 502 2456 reserato
510 2410 554 2482 p.
573 2410 608 2454 n.
628 2407 719 2455 vase
733 2386 841 2456 brevi.
859 2386 936 2456 Nec
957 2384 1127 2481 quamvis

124 2501 375 2601 responderet
386 2503 426 2572 in
440 2500 617 2574 omnibus
631 2502 735 2599 quod
752 2503 792 2573 in
810 2502 978 2574 studioso
988 2502 1126 2596 juvene

125 2619 410 2709 animadvertit,
430 2636 521 2692 tunc
535 2621 772 2718 potissimum
784 2620 968 2689 vomitum
983 2619 1128 2716 sangui-

126 2731 186 2809 nis
206 2736 347 2827 redire,
365 2762 451 2808 eum
474 2761 570 2836 aeger
595 2739 634 2807 in
654 2736 849 2808 dexterum
876 2733 987 2807 cubat
1013 2735 1127 2823 latus,

127 2852 291 2951 ideoque
322 2853 561 2943 decubitum,
587 2869 629 2926 ut
648 2855 728 2952 ipse
754 2850 928 2949 jubebat,
956 2841 1001 2922 in'
1021 2853 1127 2923 sinis·

127 2987 233 3043 trum
254 2995 332 3042 esse
355 2973 628 3060 necessarium,
658 2970 746 3041 inde
775 2983 1014 3066 sequeretur,
1041 2993 1129 3066 pro-

128 3111 307 3184 rumpere
320 3088 538 3186 sanguinem
549 3114 569 3160 e
582 3110 667 3160 vase
684 3087 808 3176 brevi,
825 3088 930 3184 quasi
943 3087 1045 3157 nulla
1060 3086 1131 3157 alia

128 3219 267 3303 praeter
285 3205 408 3302 ipsum
438 3229 524 3276 vasa
551 3205 597 3276 ad
620 3207 805 3278 sinistram
826 3205 1025 3276 ventriculi
1048 3207 1131 3276 atti-

128 3338 268 3394 nerent
281 3337 437 3419 partem.
463 3327 602 3394 Verum
630 3324 705 3394 sive
733 3324 830 3410 istae,
850 3324 925 3395 sive
951 3322 1029 3393 aliae
1050 3338 1131 3394 tum

127 3436 326 3511 manifeste
350 3440 390 3509 in
407 3441 620 3511 ventriculo
649 3457 800 3537 pateant
827 3443 1016 3538 sanguinis
1043 3442 1130 3526 viae,
1177 3520 1178 3524 Ἰ

128 3559 209 3631 sive
230 3555 334 3653 quod
361 3557 584 3656 plerumque
606 3558 763 3648 accidit,
783 3560 937 3630 minime
960 3574 1133 3656 pateant3

170 3925 219 4004 (ι)
241 3926 315 3984 obs.
330 3945 367 3983 20
380 3927 430 3986 eit.
