2580 4514
146 369 217 418 200
245 402 249 411 ·
311 370 358 416 nt
384 369 529 416 summis
554 370 598 416 ΕΤ
622 369 748 418 ctusts
772 370 984 429 MORBORUM

143 481 359 571 affectione,
390 497 431 553 ut
455 483 534 579 ipsa
561 482 699 573 aiebat„
728 483 1026 557 haemorroidum
1055 482 1148 581 ineis¹

143 601 248 674 derat
262 603 337 697 jam
359 617 445 672 ante
458 603 663 672 triennium
678 601 716 670 in
735 602 856 672 multo
869 603 1023 700 gravius
1034 604 1130 676 intes·

141 720 211 790 tini
230 721 321 789 recti
342 719 495 799 vitium,
512 734 668 816 propter
687 718 791 815 quod
809 718 974 816 denique
992 734 1132 818 excepta

141 850 197 907 est
237 835 277 903 in
310 837 548 906 Bononiense
583 835 849 906 incurabilium
882 838 1131 935 nosocomium

141 953 240 1024 circa
261 953 349 1022 anni
369 950 496 1022 finem.
514 958 617 1050 ¹7⁰4·
636 959 747 1025 Hanc
773 953 944 1025 Valsafva
969 953 1132 1053 feminam

140 1099 225 1146 cum
257 1074 437 1145 duntaxat
463 1076 750 1171 interrogasset,
771 1101 818 1146 ue
843 1075 963 1172 digito
993 1074 1132 1172 quidem

139 1194 186 1285 ad
205 1192 477 1290 explorandum
495 1193 682 1280 immisso,
696 1193 819 1263 statim
834 1191 1039 1290 desperato
1050 1216 1131 1263 mor·

138 1311 190 1382 bo
209 1311 328 1381 teneri
349 1311 633 1407 pronunciavit,
654 1325 689 1380 et
710 1296 850 1397 adme,
867 1310 935 1407 qui
951 1311 1131 1408 proximus

139 1430 308 1534 aderam,
337 1452 556 1512 conversus,
584 1428 656 1498 hoc
678 1429 757 1524 ejus
784 1428 903 1499 simile
927 1429 1012 1499 vitii
1032 1450 1130 1526 genus

139 1563 214 1635 est,
235 1547 376 1642 inquit,
396 1545 499 1642 quod
520 1545 712 1617 mensibus
730 1544 992 1643 superioribus
1004 1551 1131 1617 Faven-

136 1667 218 1749 tiae,
236 1689 322 1734 cum
347 1688 493 1734 mecum
514 1664 633 1752 esses,
655 1662 923 1761 deprehendi(
950 1665 985 1759 >3
1011 1687 1131 1760 nempe

137 1783 200 1854 hic
224 1807 380 1878 quoque
407 1798 550 1852 rectum
575 1782 794 1853 intestinum
821 1782 1070 1853 circumcirca
1087 1797 1131 1852 tu·

137 1920 224 1970 mor
241 1900 344 1969 intus
361 1913 521 1995 occupat
541 1897 795 1995 glandulosus.
818 1904 901 1969 Haec
923 1914 1053 1972 autem
1067 1923 1131 1969 mu·

138 2017 209 2088 lier
228 2018 292 2088 etsi
309 2041 393 2088 cum
416 2017 497 2088 aliis
515 2015 639 2087 morbi
661 2016 775 2111 hujus
788 2015 972 2107 judiciis,
993 2017 1131 2114 ¹nullum

138 2133 370 2233 percipiebat
391 2135 581 2219 dolorem3
607 2135 767 2205 multum
794 2133 1087 2224 tamen-fetidae,
1104 2132 1132 2204 e't

117 2254 282 2343 tenum,
303 2269 339 2322 et
359 2256 549 2323 crassioris
565 2254 726 2322 materiae
746 2251 932 2349 egerebat.
953 2242 1136 2352 Itaquead

139 2395 323 2441 summam
343 2372 498 2442 maciem
516 2370 695 2455 adducta,
714 2371 812 2440 intra
839 2396 959 2441 unum
975 2386 1041 2443 aut
1058 2371 1132 2441 alte·

137 2514 221 2561 rum
240 2515 284 2559 ex
298 2515 375 2586 quo
393 2489 609 2571 advenerat,
621 2513 788 2559 mensem
803 2502 888 2585 post
904 2486 1047 2576 febres,
1061 2509 1131 2558 cum

135 2604 276 2704 frigore
300 2608 536 2706 ingruentes,
557 2622 704 2677 mortua
725 2622 789 2678 est.
814 2608 1043 2679 Intestinum
1069 2630 1132 2678 rec·

136 2740 217 2796 tum
236 2726 443 2798 secundum
470 2725 746 2822 longitudinem
770 2725 953 2812 incisum,
974 2741 1012 2797 et
1031 2725 1133 2824 expli·

138 2838 365 2916 catumeum
385 2845 462 2940 ipse
482 2845 788 2940 inspicerem,sic
806 2843 1056 2940 reperiebam.
1077 2848 1134 2915 Sex

138 2983 327 3059 septemve
346 2988 459 3058 supra
477 2985 591 3030 anum
607 2961 826 3031 transversis
846 2960 973 3057 digitis
989 2963 1136 3061 incipie

135 3080 201 3152 bat
218 3080 363 3168 durius,
381 3096 416 3150 et
436 3081 594 3150 crassius
622 3078 723 3165 fieri,
751 3095 788 3150 et
809 3076 1048 3173 inconfecta
1065 3105 1136 3152 eor·

136 3184 250 3296 pora,
276 3195 396 3295 figura
421 3211 457 3266 et
483 3197 741 3293 magnitudine
767 3199 1016 3269 maximarum
1047 3197 1138 3270 faba·

136 3341 240 3403 rum,
259 3317 466 3385 introrsum
483 3315 653 3410 undique
675 3314 905 3387 extuberare.
933 3319 1026 3389 Levi
1040 3310 1138 3389 eraut

137 3432 283 3530 singula
310 3431 529 3529 superficie,
568 3431 773 3519 substantia
814 3449 939 3505 autem
965 3436 1086 3508 solida
1110 3448 1138 3506 et

137 3565 343 3648 compacta.
379 3551 544 3635 Durities
576 3575 619 3620 ac
650 3551 856 3623 crassitudo
892 3552 1082 3642 intestini,
1109 3566 1138 3624 et

174 3927 218 4005 (t)
239 3929 309 3985 Vid.
326 3948 356 3984 n.
372 3929 511 4002 proximo
527 3918 690 4003 superiore.
