2580 4514
212 346 283 393 mr.
309 347 367 395 tn.
396 347 443 397 na
469 346 605 395 uorrrs
629 347 798 413 vamme,
824 349 936 395 nrtsr.
963 349 1046 396 xxx.
1076 328 1145 404 103

134 491 225 538 cum
252 463 362 537 facile
382 465 477 537 adeo
494 465 542 536 sit
558 489 643 561 quae
661 463 708 536 de
726 488 772 534 eo
792 464 996 550 dicuntur,
1024 466 1071 536 ad
1092 467 1147 562 je·

135 609 207 656 cur
226 605 383 682 quoque
400 581 604 655 transferre
616 610 626 671 3
640 598 733 653 tunc
748 583 861 653 etiam
870 606 1080 680 provocare
1089 607 1148 654 vo

134 704 276 774 mitum
294 715 436 798 potest,
449 725 537 773 oum
559 725 645 772 eum
662 701 823 795 spcernit
837 724 993 772 succum
1006 702 1073 798 qui
1084 715 1149 772 aut

136 821 348 892 acrimonia
373 819 553 892 molestus
576 820 623 890 sit
647 817 829 890 duodeno
852 821 1057 907 intestino,
1082 835 1148 891 aut
1185 912 1192 921 .

136 939 294 1025 inertia,
312 938 431 1009 aliove
449 938 628 1036 quopiam
651 937 742 1008 vitio
761 935 889 1025 faciat,
911 953 954 1008 ut
971 938 1010 1007 in
1027 963 1073 1008 eo
1090 939 1147 1007 in-

137 1057 278 1129 testino
296 1056 392 1127 male
412 1054 584 1127 absoluta
600 1055 866 1126 alimentorum
887 1053 1147 1128 confertiore-

135 1172 287 1270 linquat
316 1173 371 1245 'ibt
400 1199 483 1271 quoe
512 1173 588 1244 sint
615 1172 856 1243 incommoda
889 1188 954 1244 aut
977 1171 1146 1270 ¹denique

136 1293 328 1389 paucitate
350 1292 472 1389 impar
498 1291 544 1362 sit
567 1292 710 1362 caeteris
728 1290 879 1380 usibus,
895 1305 936 1360 -et
954 1291 993 1360 in
1015 1290 1074 1362 his
1090 1290 1147 1361 illi

134 1432 214 1505 quo
242 1405 339 1480 fellis
363 1407 476 1481 simul
501 1406 711 1496 influentis,
734 1409 941 1506 praesertim
970 1409 1144 1492 acrioris,

140 1527 213 1597 vim
233 1541 439 1623 temperat,
458 1551 509 1597 ne
527 1527 649 1599 acrius
673 1523 810 1598 afficiat
823 1552 885 1599 eas
898 1527 1046 1599 tunicas
1061 1550 1146 1596 mo·

102 1654 111 1667 “
141 1658 297 1741 tumque
319 1646 499 1716 invertat:
519 1669 594 1741 qua
610 1643 716 1714 olere
734 1645 934 1716 consulere
948 1645 1059 1716 etiam
1078 1669 1146 1742 po·

143 1762 227 1833 teris
244 1761 344 1832 Frid.
376 1758 646 1833 Hoffmannum
667 1760 762 1858 (1),
790 1777 1006 1835 censentem
1037 1763 1146 1835 istam
1243 1796 1247 1803 ·

140 1881 256 1976 ipsam
272 1877 384 1953 fuisse
402 1902 571 1967 cansam,
596 1904 669 1950 cur
690 1903 770 1950 uno
783 1879 998 1976 eodemque
1012 1880 1146 1951 osculo

140 2011 176 2069 et
194 1997 283 2069 bilis
304 2013 344 2069 et
362 1998 623 2096 pancremicus
650 2022 787 2069 suenus
810 1998 1029 2069 intestinum
1052 1997 1147 2068 illud

141 2114 242 2185 adire
270 2115 437 2203 soleant,
459 2130 500 2188 et
520 2099 804 2187 eurBrnnneri
832 2139 963 2200 canes,
989 2114 1145 2213 dempto

142 2247 355 2339 procreate?
372 2232 577 2306 vomitibus
592 2231 735 2305 biliosis
752 2231 869 2303 finem
883 2231 1035 2304 vivendi
1046 2228 1147 2303 tece-

141 2352 224 2424 rint.
254 2356 387 2448 Itaque
416 2351 484 2424 ubi
511 2351 721 2423 humanum
739 2374 922 2448 pancreas
945 2375 992 2422 eo
1012 2349 1147 2421 redac-

142 2482 219 2541 tum
230 2485 298 2558 est,
308 2485 351 2541 ut
366 2468 460 2541 nihil
470 2492 627 2568 prorsus
639 2469 814 2541 humoris
827 2483 990 2566 separet3
1002 2483 1145 2565 quanto

142 2581 286 2659 facilius
302 2589 410 2684 sequi
426 2587 490 2658 illa
504 2587 653 2685 possint
667 2612 750 2685 quae
769 2585 932 2674 diximus
944 2639 954 2672 ,
966 2584 1146 2682 praeclare

142 2704 257 2779 vides..
280 2703 353 2775 Sed
372 2719 409 2776 et
425 2705 532 2777 aliter
557 2703 688 2777 induci
713 2729 734 2775 a
761 2717 961 2802 panereate
990 2702 1147 2772 romilio

143 2836 286 2920 potest,
311 2837 356 2893 ,ut
375 2823 404 2894 si
423 2837 673 2894 memoratum
694 2822 944 2907 intestinum,
967 2817 1014 2891 ad
1041 2820 1147 2917 quoti

143 2932 265 3011 latiori
283 2954 451 3010 extremo
468 2964 505 3012 se
522 2924 852 3038 pancieasaffigit,
865 2962 936 3009 sua
948 2939 1146 3036 asperitate

141 3071 177 3129 et
187 3056 327 3128 duritie
344 3075 409 3129 ant
422 3073 534 3130 aucta
551 3057 811 3156 nmgnitudine
827 3055 1063 3129 adenmtlem
1071 3081 1148 3128 mo·
1187 3058 1197 3073 “

143 3173 234 3246 dum
244 3176 367 3247 irritet
382 3192 445 3247 aut
455 3193 601 3274 premat
613 3175 659 3247 ad
675 3202 790 3274 quem
803 3175 852 3246 de
866 3173 1079 3247 ventriculo
1088 3173 1148 3242 ini·

144 3291 312 3389 dicatum
327 3309 392 3364 est,
411 3293 626 3366 Secundmn
642 3278 801 3366 laareaut
815 3293 886 3364 alia
899 3289 1149 3389 ejuscemodi,

145 3408 272 3482 lioebit
286 3409 357 3482 tibi
370 3412 569 3510 plerasque
587 3436 719 3483 omnes
729 3467 739 3500 ,
751 3411 832 3482 huc
839 3412 1064 3496 attinentes,
1079 3406 1152 3499 his·

147 3529 261 3600 torias
284 3529 492 3626 explicare,
512 3530 708 3626 multoque
733 3529 815 3601 illas
835 3529 973 3627 magis,
994 3549 1083 3624 quae
1099 3524 1153 3594 si—

184 3906 234 3984 li)
254 3909 334 3964 Dias.
347 3907 386 3965 tle
396 3919 548 3983 ponerem.
566 3910 694 3980 morb.⁶§
709 3914 734 3973 l.
