2580 4514
774 238 790 275 f

163 368 234 444 338
330 393 377 442 nr
403 393 548 442 srnraus
573 394 618 439 ar
642 393 765 440 cinus
792 393 1005 442 nonacrim

158 507 273 595 truis,
296 520 332 579 et
350 522 565 605 propterea,
582 522 624 577 ut
635 506 829 594 credebat,
843 507 1010 581 subinde
1021 504 1136 604 sangui·

156 648 246 696 nem
276 649 455 723 exspuere
487 625 624 712 solita,
655 627 707 696 sic
745 641 893 712 tamen,
922 639 965 698 ut
992 625 1082 696 mihi
1105 624 1136 694 de

155 742 351 841 pharynge
375 746 520 841 potius,
541 768 652 839 quam
680 743 726 815 de
746 744 959 842 pulmone,
978 743 1133 843 prodiisse

154 860 365 947 videretur,
384 861 586 931 novissime
603 887 646 932 ex
665 861 718 932 ira
746 876 783 933 et
804 863 919 932 animi
937 860 1132 960 aegritudine

153 979 195 1048 in
223 977 393 1050 dolorem
421 977 574 1065 incidit,
597 977 648 1048 ob
674 1003 788 1074 quern
807 980 847 1049 in
868 979 1095 1051 Bononiensi
1110 978 1131 1046 S.
1170 982 1173 987 ’

153 1095 278 1165 Mariae
291 1094 338 1165 de
352 1110 474 1166 morte
486 1095 706 1166 nosocomio
717 1094 947 1168 decumbere
961 1107 1132 1168 coacta-est

152 1210 225 1284 sub
242 1212 391 1282 initium
409 1213 533 1283 martii
548 1214 638 1283 anni
655 1212 757 1310 1706.
774 1217 862 1284 Erat
876 1214 908 1285 is
924 1212 1040 1284 dolor
1050 1208 1132 1310 quasi

146 1340 174 1398 'a
199 1328 330 1401 cultris
351 1327 632 1417 scindentibus,
659 1330 824 1426 primum
839 1327 939 1400 infra
969 1329 1132 1401 sinistram

150 1470 352 1517 mammam
366 1501 377 1535 ,
392 1471 504 1543 quam
518 1446 644 1518 sedem
662 1471 740 1518 non
755 1445 996 1544 relinquens,
1015 1470 1053 1519 se
1068 1466 1133 1543 pos·

148 1577 212 1635 tea·
232 1563 399 1637 extendit
417 1567 526 1635 etiam
540 1562 637 1636 infra
652 1564 862 1652 dexteram,
880 1564 947 1636 scd
961 1563 1095 1650 lev-ior,
1105 1574 1133 1631 ut

68 1766 70 1771 Ι
149 1681 191 1750 in
203 1679 277 1752 hoc
289 1681 386 1752 latus
400 1679 537 1754 cubare
551 1684 700 1754 sineret.
713 1680 770 1753 Ad
785 1697 926 1754 tactum
942 1682 1134 1754 enim'cres

151 1795 260 1868 cebat
277 1853 287 1887 ,
310 1795 579 1898 difficilemque
601 1796 760 1871 faciebat
776 1800 1076 1898 respirationem,
1089 1803 1134 1870 Iu·

147 1933 298 1988 vaserat
322 1942 409 1989 cum
439 1914 563 1990 febrili
582 1921 728 2016 rigore:
751 1918 817 2014 qui
844 1916 980 1991 dicbus
997 1915 1136 2018 singulis

147 2030 382 2124 recurrebat}
403 2061 474 2107 nec
494 2034 608 2108 febris
625 2050 749 2107 tamen
769 2034 1055 2109 intermittebat.
1080 2038 1137 2105 Ru

147 2149 261 2224 bebat
278 2150 407 2224 facies:
427 2152 581 2224 molesta
597 2169 675 2225 erat
689 2153 787 2242 sitis;
804 2152 869 2225 sed
882 2154 996 2226 tussis
1014 2154 1137 2252 magis,

145 2284 190 2341 ut
200 2294 281 2367 quae
294 2269 535 2370 exasperabat
544 2270 726 2343 dolorem.
737 2274 858 2370 ¹Spnta
873 2295 969 2370 saepe
983 2285 1140 2356 cruenta

144 2386 233 2458 alias
258 2387 365 2477 alba,
391 2412 534 2476 crassa,
563 2412 748 2486 spumosa.
781 2392 917 2460 Sensus
943 2385 1137 2486 aliquando

145 2488 256 2604 quasi·
267 2506 321 2577 rei
338 2505 385 2577 ad
399 2505 573 2604 jugulum
590 2506 835 2578 ascendentis.
849 2505 972 2577 Dolor
985 2505 1138 2602 denique

145 2625 242 2695 circa
262 2623 485 2719 umbilicum
507 2649 586 2694 non
605 2648 713 2696 secus
732 2649 774 2695 ac
802 2624 832 2695 si
859 2646 972 2696 canes
996 2621 1158 2699 morde.

142 2758 239 2813 rent.
256 2742 378 2813 Alvus
389 2763 468 2812 erat
485 2741 575 2812 laxa.
595 2741 731 2812 Missus
743 2755 798 2812 est
814 2741 967 2838 sanguis
983 2720 1009 2813 e·
1030 2739 1137 2840 pede:

142 2874 180 2933 et
192 2859 263 2930 alia
276 2884 356 2956 quae
370 2859 475 2930 utilia
491 2856 572 2930 fore
589 2857 728 2930 credita
747 2872 855 2945 sunt,
875 2856 1136 2931 administrata.

139 2976 284 3049 Diebus
313 2992 399 3073 post
424 2978 571 3074 paucis,
599 2975 703 3046 nulla
731 2975 866 3074 praevia
898 2977 1034 3048 critica
1063 2998 1137 3048 era·

140 3096 335 3179 erratione,
361 3094 456 3165 adeo
473 3095 649 3165 remisere
672 3095 813 3181 omnia,
833 3108 874 3163 ut
900 3090 1138 3167 medicus-fe.-

138 3208 282 3284 midam
298 3213 374 3307 jam
391 3212 488 3284 bene
515 3212 656 3284 habere
675 3212 1000 3311 pronunciaverit.
1023 3212 1139 3311 Surgit

139 3330 221 3427 ipsa
236 3356 243 3397 :
269 3331 333 3403 sed
348 3328 605 3402 fatiscentibus
618 3329 776 3415 viribus,
795 3354 882 3399 mox
900 3329 949 3400 ad
964 3329 1137 3402 lectulum

138 3448 262 3520 redire
283 3450 451 3548 cogitur,
471 3448 538 3519 ubi
556 3450 595 3518 in
613 3473 651 3520 se
670 3438 882 3552 contracta,
901 3461 946 3519 ut
964 3470 987 3517 a
1008 3444 1138 3546 frigore

139 3566 324 3651 solemus,
338 3566 464 3637 etsine
483 3565 654 3663 pulsibus
666 3566 865 3636 invenitur.
875 3562 1138 3654 ,Quaerentibus

136 3708 185 3755 an
212 3683 398 3768 thoracis,
426 3708 473 3752 an
500 3684 644 3767 ventris
672 3681 805 3752 dolore
834 3679 1134 3763 conflictamur,

135 3815 312 3872 neutrum
333 3801 494 3898 amplius
507 3801 645 3871 sentire
665 3824 703 3871 se
728 3800 789 3871 ait.
814 3798 958 3871 Eodem
979 3798 1041 3871 die
1066 3794 1133 3869 feti·

136 3919 227 3992 dum
240 3917 402 4016 dejicere
413 3919 632 4016 sanguinem
651 3920 773 4015 coepit.
790 3917 973 3989 Deliravit
989 3931 1130 4017 postea:
