2580 4514
159 359 227 432 512
323 383 370 430 na
396 383 541 430 saumas
567 385 611 429 ur
637 384 761 432 causis
790 387 1005 436 nonnonuu

155 527 173 562 »
199 497 256 567 dis
280 496 435 568 durities
454 511 534 567 erat
552 521 664 594 supra
682 497 862 570 duritiem
882 503 1014 600 gypsi,
1034 501 1140 602 figun-

156 644 173 678 »
200 639 273 712 que
293 615 373 710 ejus
397 630 476 686 erat
503 614 613 685 sicuti
636 613 757 712 figura
776 617 869 687 ovi?
891 648 908 683 n
929 622 993 690 cui
1014 623 1140 695 similem

156 733 229 802 nisi
249 730 354 830 quod
367 730 507 827 jujubae
524 733 824 829 magnitudinem
843 761 929 807 non
948 738 1141 836 superabat,

154 848 280 920 colore
310 863 435 918 autem
466 847 650 937 subalbo,
674 873 744 920 neo
770 852 898 923 stratis
932 853 1142 927 evidentibus

153 966 374 1064 praeditum,
404 967 442 1035 in
476 967 594 1062 patria
631 967 720 1037 olim
752 967 852 1056 vidi,
884 995 1004 1067 quem
1036 969 1142 1043 femina

153 1087 294 1183 pariter
311 1100 396 1181 post
411 1082 612 1154 diuturnos
626 1084 826 1156 ventriculi
843 1085 1007 1161 dolores
1022 1113 1142 1160 vomue

153 1219 219 1273 rat.
245 1207 289 1271 In
310 1202 406 1300 ipsis·
420 1216 542 1272 autem
561 1203 747 1274 intestinis
766 1219 975 1277 concretos
1001 1231 1084 1279 cum
1100 1206 1143 1277 alii

121 1367 124 1371 .
152 1345 298 1418 nuper,
328 1344 398 1391 nec
430 1320 517 1390 satis
548 1317 702 1391 fortasse
736 1319 886 1393 idoneis
914 1325 1094 1422 exemplis
1116 1348 1142 1395 se

152 1438 334 1536 probasse
372 1435 625 1520 crediderint;
657 1436 750 1509 mihi
786 1438 884 1510 illud
917 1465 1001 1538 prae
1033 1441 1142 1515 ceteris

153 1556 229 1626 huc
247 1571 376 1652 aptum
405 1554 556 1625 videtur
578 1554 683 1653 quod
703 1581 747 1626 ex
766 1555 944 1628 Ballonio
967 1560 1025 1657 (1)
1047 1575 1140 1659 petes,

155 1672 292 1770 lapidis
311 1679 348 1741 ia
375 1674 526 1742 Peronii
556 1679 736 1743 intestinis
751 1675 976 1771 perforati,
1000 1694 1043 1748 ut
1066 1677 1141 1776 liqui·

152 1791 253 1861 diori
267 1795 435 1861 materiae
453 1795 520 1862 via
536 1803 705 1888 pateret,·
723 1815 769 1860 ex
782 1793 920 1864 terreis
939 1792 1048 1866 enim
1062 1795 1139 1865 visci-

152 1907 283 2004 disque
303 1908 496 2005 particulis
513 1908 693 1978 intestino
716 1908 860 1979 circum
880 1910 1139 1984 adhaerentibus

148 2025 297 2131 videtur
318 2025 496 2122 paulatim
522 2024 701 2112 crevisse,
730 2027 973 2125 caeterisper
1001 2029 1139 2103 medium

148 2142 447 2231 transeuntibus,
464 2143 640 2239 viamque
650 2157 818 2238 apertam
828 2143 1139 2241 servantibusSed

149 2275 186 2332 et
202 2260 344 2359 lapides
354 2261 524 2331 omnium
537 2260 736 2345 maximos,
750 2274 786 2331 et
801 2275 907 2333 totos
920 2288 969 2334 ex
983 2259 1140 2361 ejusmodi

149 2404 225 2450 una
240 2377 447 2476 eademque
461 2379 616 2448 materia
637 2374 776 2465 iactos,
793 2393 836 2449 ut
847 2396 957 2452 certe
972 2383 1014 2453 in
1031 2380 1142 2454 intesta

147 2496 206 2568 nis
219 2512 462 2595 augmentum
478 2497 530 2567 sic
558 2510 594 2566 et
616 2496 765 2565 initium
782 2498 972 2592 coepisse,
994 2502 1080 2597 quis
1096 2522 1141 2571 ne

147 2614 236 2712 get?
260 2615 361 2704 Quin
391 2614 536 2686 etiamsi
561 2613 746 2709 quosdam
774 2611 891 2686 fuisse
922 2616 1068 2715 legam,
1097 2628 1142 2689 aut

145 2731 428 2829 magnitudine,
449 2744 514 2801 aut
534 2731 684 2818 colore,
701 2746 766 2801 aut
777 2729 901 2829 figura
916 2733 1142 2832 ejuscemodi,

144 2867 187 2922 ut
211 2850 257 2921 ad
278 2851 439 2946 cysticos
469 2846 575 2919 facile
607 2849 742 2946 aliquis
770 2845 917 2923 referre
947 2843 1096 2950 posset,
1113 2866 1141 2924 at

145 2985 237 3067 puta
255 2967 307 3065 (a)
327 2968 393 3065 qui
418 2966 514 3037 alias
540 2968 722 3062 majoma,
748 2964 849 3036 alias
874 2975 1047 3044 minores
1064 2974 1140 3072 pisis

144 3102 268 3174 erant,
288 3100 353 3156 aut
372 3083 569 3170 avellana,
591 3089 656 3180 qai
671 3081 806 3154 eoloris
815 3084 927 3175 falvi
938 3105 1008 3161 aut
1026 3091 1140 3188 majori

61 3226 65 3245 ¹
142 3229 191 3274 ea
200 3220 313 3301 parte
322 3206 436 3297 flavi,
459 3205 523 3299 qui
544 3201 814 3298 triangulares,
834 3219 903 3275 aut
915 3206 1033 3297 ,aliter
1047 3228 1138 3304 migr

144 3320 227 3407 losi,
254 3323 319 3416 qui
345 3321 530 3415 denique,
550 3335 592 3389 ut
613 3344 692 3389 uno
721 3320 899 3419 exemplo
923 3322 1038 3422 plura
1055 3347 1135 3398 com·

140 3440 302 3536 plectar,
317 3453 354 3507 et
370 3437 513 3524 colore,
530 3453 567 3507 et
582 3435 858 3532 magnitudine,
872 3445 1058 3534 otforma
1071 3463 1134 3513 met

136 3556 305 3655 pilorum
336 3557 532 3625 seminibus
567 3551 907 3646 assimilabantar3
932 3560 1004 3635 hos
1031 3576 1131 3633 tameo

180 3835 221 3915 (Ι)
242 3841 277 3895 L.
293 3858 308 3892 a
325 3840 428 3894 consil.
442 3839 548 3893 media.
563 3844 610 3903 24.

177 3936 218 4018 (a)
240 3940 309 3996 Vid.
324 3941 404 4014 apud
417 3940 562 3997 Schenck.
576 3940 640 3996 obs.
659 3958 671 3995 1
688 3937 779 3995 modo
793 3939 847 3997 cit.
