2580 4514
3 3898 30 3959 1

148 343 194 412 62
291 356 359 409 'na
385 361 530 409 sumans
555 364 598 407 ar
624 360 747 407 causis
774 360 982 415 nonnoacn

147 476 289 573 quippe
316 475 424 570 cujus
450 472 558 543 fundi
587 474 733 543 sinistra
756 497 841 570 pars
864 470 1020 544 inferius
1039 499 1152 571 qnam

147 592 254 663 solita
275 592 342 678 sit,
361 589 623 662 descendebat.
650 595 736 661 Erat
764 603 888 661 antem
919 592 1154 663 ventriculus

148 710 208 781 vel
237 711 397 781 exterius
425 708 561 778 lividus
590 733 668 777 non
695 706 843 777 modica
869 709 1076 805 praesertim
1109 737 1152 781 ex

151 841 272 926 parte,
282 826 459 921 idemque
472 823 718 895 crassioribus
728 838 765 895 et
777 823 995 901 durioribus
1004 828 1154 914 tunicis,

150 946 303 1040 nisiqua
310 944 385 1039 jam
401 940 549 1012 fracida
561 942 655 1013 adeo
667 956 773 1014 erant
784 940 898 1026 sacta,
908 959 950 1015 ut
960 945 1151 1040 tangendo

150 1076 435 1158 rumperentur,
455 1056 770 1155 effunderentque
790 1060 982 1130 materiam
999 1060 1150 1132 cinereo

151 1178 278 1249 colore
291 1193 327 1249 et
340 1178 553 1276 gravissime
569 1177 754 1263 olentem,
769 1201 852 1272 quae
869 1176 1061 1272 pulticulae
1080 1178 1150 1249 ins·

151 1311 208 1367 tar
236 1292 440 1375 fluidioris‚
467 1292 666 1364 ventriculi
690 1317 781 1363 cavo
806 1292 1086 1365 continebatur.
1110 1300 1151 1365 In

150 1412 224 1484 hoc
252 1426 426 1508 eruperat
452 1436 497 1481 ex
518 1410 723 1483 ventriculi
749 1411 889 1507 pariete
914 1413 1153 1508 posteriore,

148 1527 463 1629 praetermodum
487 1551 634 1613 crasso,
661 1551 840 1624 magnum
868 1526 913 1599 ad
938 1542 1099 1601 tractum
1118 1545 1154 1601 et

150 1649 357 1719 introrsum
390 1659 590 1731 tumente,
624 1643 752 1740 ibique
783 1645 993 1742 inoequali,
1025 1645 1156 1736 foedo,

150 1761 315 1863 fracido,
329 1785 595 1858 gangraenoso,
612 1776 649 1833 et
665 1761 798 1833 eodem
817 1786 893 1858 quo
906 1765 1062 1835 materia
1076 1765 1155 1851 illa,

152 1881 279 1953 colore
298 1878 443 1960 lurido,
470 1893 510 1948 ut
527 1878 680 1975 pessimi
696 1880 843 1976 generis
860 1893 1069 1969 tumorem,
1090 1898 1154 1954 aut

152 1998 363 2070 abscessum
378 1995 432 2067 ibi
445 1993 557 2067 luisse
577 1994 789 2093 disruptum
811 2012 1020 2069 constaret:
1043 2023 1154 2070 sanus

152 2130 230 2189 erat
243 2114 397 2213 pylorus
409 2167 419 2200 ,
433 2129 469 2184 et
479 2115 653 2184 intestina
665 2113 813 2197 omnia,
833 2113 1027 2210 exquibus
1041 2116 1153 2186 colon

152 2233 241 2320 fuit,
260 2247 300 2302 nt
318 2245 476 2329 parerat
490 2245 575 2328 post
593 2231 744 2328 longam
766 2229 840 2301 cibi
859 2230 1123 2303 abstinentiam
1143 2288 1153 2321 ,

76 2411 80 2417 .
152 2350 199 2423 ab
218 2351 325 2421 initio
343 2348 389 2423 ad
407 2347 522 2423 finem
543 2373 662 2445 usque
683 2363 928 2419 contractum.
946 2350 1037 2421 Lien
1056 2376 1152 2447 qno·

151 2493 226 2567 que
252 2491 386 2555 sanus,
408 2467 479 2537 nisi
500 2464 603 2562 quod
633 2466 880 2564 proportione
903 2481 982 2537 erat
1011 2469 1152 2564 major,

150 2588 328 2682 intusque
356 2582 568 2682 pallidulus·
594 2582 675 2653 Sed·
687 2584 866 2679 jecinmis
893 2609 978 2681 pars
1000 2585 1152 2658 dextera

151 2703 257 2775 albos
285 2701 430 2798 aliquot
456 2699 677 2773 ostendebat
704 2700 872 2773 sltirrhos
895 2701 1152 2776 subrotundos

151 2822 268 2891 instar
291 2817 539 2890 mediocrium
565 2842 645 2889 uvae
673 2818 880 2889 acinorum.
902 2824 1015 2890 Erant
1034 2821 1061 2889 ii
1080 2821 1153 2891 dis·

148 2922 238 3032 jecti
254 2959 324 3033 per
336 2933 574 3032 superficiem
589 2936 641 3006 sic
655 2950 699 3006 ut
712 2960 756 3006 ex
774 2951 879 3032 parte
892 2937 988 3007 intra
1000 2938 1152 3009 visceris

151 3052 395 3125 substantiam
430 3050 715 3138 conderentur;
749 3051 813 3123 sed
844 3053 1007 3149 aliquem
1037 3055 1151 3145 ridi,

147 3171 256 3265 jecur
271 3166 461 3252 incidens,
480 3169 631 3264 penitus
649 3167 845 3241 conditum
862 3223 873 3257 ,
892 3171 1031 3241 caeteris
1048 3174 1150 3267 prio·

150 3286 255 3359 ribus
275 3284 444 3357 similem.
464 3285 551 3359 Bilis
568 3287 685 3359 multa
701 3284 771 3359 luit
790 3287 829 3355 in
855 3310 919 3357 sua
933 3287 1096 3359 vesicula
1116 3306 1153 3362 et

149 3403 257 3476 valde
277 3400 394 3489 flava,
406 3382 484 3500 quo
502 3402 630 3475 colore
642 3403 817 3475 viciniam
832 3401 1019 3476 infecerat.
1038 3408 1151 3479 Renis

149 3521 290 3617 sinistri
310 3523 500 3625 posterior·
508 3518 619 3593 facies
632 3521 768 3592 lineam
780 3519 972 3617 obliquam
987 3520 1150 3596 habebat

146 3638 324 3737 longam,
341 3653 379 3713 et
397 3636 592 3713 subalbum
613 3664 658 3711 ex
677 3638 883 3712 substantia
903 3641 1007 3736 qnasi
1026 3640 1151 3711 tendi-

86 3750 89 3755 ’
151 3780 238 3844 nea,
252 3780 365 3853 quarn
377 3755 471 3843 alte,
486 3779 573 3829 cum
589 3780 718 3827 renem
730 3780 913 3845 securem,
926 3756 1151 3854 productam

150 3874 350 3975 perspexi,
371 3888 415 3945 ut
430 3872 477 3949 ad
497 3872 652 3947 tubulos
670 3875 904 3970 perveniret,
924 3872 1063 3969 quibus
1088 3900 1152 3974 pa·
