2580 4514
139 377 204 423 mr.
232 377 290 424 111.
317 377 365 424 ne
390 375 856 442 nonatsvrrtrnrs,rr1sr.
883 381 989 426 xxxv.
1018 357 1087 429 333

104 480 258 574 bllatur,
294 487 364 560 tibi
387 489 628 586 insequentes
653 489 933 562 observationes
965 507 1091 566 osten·

104 600 188 679 dent.

143 729 197 811 14.
210 723 642 814 Adolescentulusvino,
659 725 804 809 etvini,
819 750 918 822 quos
929 712 1086 811 vocarit,

105 840 287 937 spiritibus
304 840 470 929 deditus,
490 866 568 912 non
589 842 639 913 ita
657 841 806 938 pridem
827 867 913 913 curn
927 841 1030 916 febre
1043 846 1090 916 la·

105 954 243 1029 torar-et
264 958 556 1048 intermittente,
573 961 721 1031 'ventris
743 959 873 1032 dolore
895 943 1089 1058 correptus

105 1070 230 1162 iterat,
250 1098 364 1172 quem
382 1073 510 1165 ssatus,
528 1100 597 1174 per
614 1074 789 1147 inferiora
805 1079 949 1165 emissi,
970 1095 1089 1150 sustu-

105 1205 228 1264 erunt.
252 1194 394 1263 Verum
415 1207 501 1291 post
525 1192 604 1266 dies
631 1192 775 1290 aliquot
804 1193 915 1265 rediit
946 1193 1086 1265 dolor:

105 1330 204 1404 [nem
217 1332 304 1379 cum
319 1307 423 1381 domi
439 1309 573 1382 tollere
583 1334 661 1381 non
669 1326 820 1409 posset,
833 1310 893 1382 die
903 1310 1054 1382 tandem
1068 1336 1088 1380 a

106 1422 215 1499 editu
226 1423 369 1498 doloris
379 1441 498 1514 sexta,
513 1443 691 1525 exceptus
702 1443 758 1500 est
770 1429 809 1498 in
827 1429 1087 1500 nosocomium

106 1543 328 1615 lononiense
344 1547 378 1614 S.
398 1545 523 1615 Marite
539 1543 587 1616 de
611 1545 696 1617 vita.
721 1547 807 1617 Era't
826 1545 937 1617 dolor
957 1547 996 1616 in
1020 1546 1087 1643 hy·

106 1660 281 1758 ›ogastrio
295 1660 483 1748 assiduus,
502 1661 568 1733 sed
583 1662 694 1751 levis,
713 1664 785 1735 nisi
802 1663 908 1760 quod
928 1663 1088 1735 subinde

106 1775 342 1867 ncrescebat,
357 1793 394 1850 et
410 1793 502 1850 tunc
519 1802 615 1876 saepe
633 1794 765 1851 venter
787 1779 838 1850 ibi
858 1781 976 1877 magis
990 1781 1089 1852 intu-

106 1895 303 1984 mescebat,
324 1911 361 1969 et
388 1898 419 1968 si
443 1920 598 1968 manum
616 1897 856 1984 admoveres‚
883 1899 1011 1996 plures
1035 1899 1089 1970 ibi

106 2012 209 2086 luros
224 2015 330 2110 quasi
354 2013 531 2112 globulos
549 2014 793 2113 percipiebas.
821 2015 892 2088 Sed
918 2017 993 2086 cito
1011 2014 1088 2087 haec

107 2129 645 2221 ranenebantomnia,d0nec
660 2133 796 2203 iterum
815 2156 883 2230 per
895 2133 1089 2204 intervalla

107 2244 267 2321 odirent.
289 2249 512 2322 Stomachus
531 2274 684 2346 quoque
704 2240 948 2338 condolebat,
965 2251 1087 2346 etjam

108 2364 265 2437 limenta
289 2367 433 2437 vomitu
462 2364 654 2462 rejiciebat
680 2381 840 2454 cuncta,
867 2391 947 2437 non
972 2365 1087 2438 modo

107 2480 385 2572 medicamenta,
404 2485 443 2553 in
463 2482 523 2556 his
536 2484 668 2582 opium
688 2487 822 2582 ipsum.
845 2486 976 2580 Itaque
1000 2509 1086 2554 cum

108 2600 290 2681 lrusnisi
307 2625 376 2699 per
401 2601 578 2698 clysmata
599 2626 677 2672 non
697 2599 963 2698 responderet,
982 2601 1088 2672 insti·

108 2734 213 2793 otum
224 2733 280 2792 est
295 2716 406 2789 simul
416 2718 455 2789 id
467 2742 598 2791 curare
610 2773 621 2807 ,
634 2718 745 2791 simul
759 2715 911 2789 medelae
923 2716 1088 2813 aliquid,

108 2852 130 2909 t.
138 2838 365 2915 nutrimenti
382 2861 452 2935 per
468 2836 644 2933 clysteres
658 2837 858 2906 immittere
873 2859 917 2905 ex
929 2835 1033 2930 jure,
1052 2849 1089 2906 et

108 2953 347 3027 mollientibus
358 2954 486 3027 herbis
499 2969 669 3053 paratos,
685 2953 792 3025 nullo
806 2967 931 3023 tamen
946 2951 1088 3023 doloris

108 3073 296 3162 tramine,
312 3087 356 3144 ut
371 3097 419 3143 ne
434 3086 543 3143 antea
557 3071 710 3169 quidem
724 3096 811 3143 cum
827 3095 897 3169 per
908 3071 1087 3166 injectum

109 3214 167 3262 on
183 3190 301 3262 semel
315 3190 442 3263 oleum
454 3214 474 3260 e
491 3189 560 3260 lini
578 3188 783 3261 seminibus
797 3211 1014 3286 expressum
1028 3212 1087 3259 re·

109 3323 280 3380 cementa
292 3306 552 3380 educerentur.
567 3303 725 3377 Inutiles
736 3328 890 3402 quoque
901 3329 946 3375 ex
954 3303 1087 3376 eodem

109 3425 357 3516 leo¹,.aliisve,
370 3424 584 3496 abdominis
602 3423 842 3495 inunctiones
854 3420 1013 3493 fuerant.
1025 3426 1091 3494 Le·

109 3547 170 3619 ius
182 3545 331 3644 egerin
352 3543 490 3616 lectulo
502 3542 656 3629 sedens,
674 3565 788 3639 quam
804 3538 967 3628 cubans,
987 3539 1091 3610 dolo·

109 3689 169 3739 em
196 3660 362 3751 ferebat,
391 3660 640 3760 quamobrem
670 3660 730 3732 vel
764 3683 849 3731 cum
885 3657 1091 3746 dormiret,

109 3781 255 3855 edebat.
278 3780 412 3852 Melius
432 3803 586 3878 quoque
610 3777 794 3866 habebat,
814 3791 850 3847 et
871 3773 1014 3847 facilius
1032 3799 1091 3846 ca·

111 3900 215 3974 iebat
239 3921 416 3971 somnum
445 3898 549 3969 inani
567 3894 785 3983 stomacho,
802 3917 916 3990 quam
939 3893 970 3967 si
996 3891 1089 3988 quid
