2580 4514
137 363 207 434 236
302 387 348 431 nn
375 385 522 433 snnmus
548 386 591 431 nr
617 386 740 433 cans1s
766 385 977 435 norinorum

136 524 249 595 quam
269 499 410 596 possit,
429 498 566 569 medici
577 499 730 594 cujusve
749 498 951 572 consilium
964 554 974 589 ,
987 500 1101 571 noxitu
1159 494 1174 585 ‚¹

137 640 216 687 esse
233 614 556 687 demonstraverit.
655 611 659 621 ’
1170 602 1174 607 ’

191 743 244 824 14.
267 743 372 825 Haec,
400 737 530 809 multis
547 762 589 808 ac
609 739 720 810 variis
738 736 1050 836 occupationibus
1063 750 1105 808 stt·

139 855 286 952 diisque
300 855 504 942 distentus,
523 854 640 926 habui
660 882 743 953 quae
762 856 801 926 in
820 854 1043 927 difficillimo
1055 876 1109 925 catu
1157 842 1168 873 '⁵

139 973 475 1044 animadverterem
492 998 535 1043 ac
549 972 839 1071 responderem,
864 988 1005 1072 optans
1022 970 1110 1044 ahto
1167 1054 1174 1077 n

137 1090 206 1161 bili
223 1090 475 1187 eruditoque,
496 1115 566 1188 pro
589 1116 667 1188 quo
697 1092 835 1189 scripta
860 1106 969 1180 sunt,
986 1092 1113 1177 viro,rt

140 1207 433 1305 qualiacumque
450 1208 541 1295 siut,
557 1224 659 1304 grata
671 1207 826 1295 habeat;
844 1207 894 1280 ab
907 1206 1115 1307 experientis*

141 1325 236 1396 simo
267 1341 391 1395 autem
422 1324 487 1420 qui
517 1349 577 1395 me
607 1324 823 1411 consuluit,
844 1324 1022 1409 medico,
1039 1320 1117 1396 utiit

137 1441 321 1512 hacteuus
339 1456 466 1512 utatur
480 1441 607 1538 quoad
623 1467 693 1539 pro
710 1467 775 1514 sua
794 1442 1001 1540 prudentia
1020 1439 1119 1513 rebor

138 1584 214 1657 que
235 1559 566 1631 circumstantibus
586 1561 700 1631 licere
718 1559 869 1647 credet,
903 1559 953 1632 ab
969 1564 1049 1632 Deo
1066 1572 1121 1629 tar·

140 1676 227 1746 dem
244 1677 464 1764 immortali,
480 1693 522 1748 nt
539 1677 727 1775 quidquid
740 1676 937 1749 decretum
949 1691 1123 1773 actumque

141 1791 273 1882 fuerit,
294 1794 481 1892 propitius
502 1792 680 1866 fortunet.

197 1911 251 1983 15.
278 1911 401 1984 Habes
422 1912 629 1985 Consilium
653 1912 763 2010 quale
781 1927 862 1984 turn
880 1914 1036 2014 scripsi,
1052 1932 1145 2019 anuou

140 2028 450 2129 videlicet1725,
479 2030 662 2128 postridie
696 2030 782 2101 idus
811 2030 972 2102 sextiles.
999 2036 1042 2102 In
1071 2050 1129 2127 qno

142 2164 276 2247 praeter
293 2150 410 2244 ipsam
431 2148 764 2246 prolixitudinem,
790 2147 861 2217 alia
880 2173 1039 2246 quoque
1066 2157 1132 2219 sunt

142 2291 223 2362 qnae
240 2291 288 2337 ne
303 2266 396 2341 mihi
415 2266 569 2363 quidem
588 2291 691 2338 nunc
709 2266 795 2338 satis
811 2265 996 2364 placeant.
1011 2270 1132 2338 Verum

141 2387 181 2454 in
202 2409 262 2456 res
281 2384 452 2456 incidens
471 2386 596 2455 minus
611 2399 807 2472 tractatas,
824 2409 951 2481 neque
971 2383 1073 2472 haec,
1088 2405 1134 2452 ne·
1170 2354 1174 2427 l

144 2526 218 2600 que
237 2502 338 2572 illam
352 2504 470 2573 vitare
490 2505 609 2600 potui.
630 2506 754 2599 Atque
774 2502 916 2572 utinam
933 2500 983 2573 ab
1004 2526 1050 2572 eo
1063 2515 1135 2575 tem·

143 2644 236 2717 pore
253 2622 432 2692 extitisset
451 2621 607 2718 aliquis,
622 2622 728 2716 cujus
740 2620 960 2691 anatomicae
980 2618 1138 2692 observa·

143 2739 267 2809 tiones
283 2754 448 2837 optatam
461 2738 540 2808 ‘huc
560 2739 771 2810 attulissent
783 2734 925 2809 lucem!
942 2738 1018 2808 Sed
1032 2762 1097 2825 eae,
1107 2747 1140 2806 ut

143 2855 421 2945 Schacherum,
457 2856 718 2927 doctissimum
750 2857 873 2925 virum
909 2852 987 2952 (r),
1028 2869 1066 2927 et
1092 2874 1141 2923 me

142 2988 235 3045 tnnc
253 2974 443 3063 latebant,
472 2976 524 3046 sic
548 2974 673 3045 adhuc
701 2973 828 3045 latent.
848 2977 942 3064 Quae
963 2970 1142 3046 antemio

144 3090 389 3163 cadaveribus
425 3091 628 3192 quaerenda
661 3092 755 3187 sint,
784 3113 920 3162 eorum
947 3088 1143 3189 praesertim

145 3234 311 3305 quorum
345 3211 563 3282 intestinum
594 3208 793 3308 procidere
832 3209 1076 3280 consueverit
1106 3200 1144 3277 ad

144 3329 278 3396 miram
306 3327 602 3424 longitudinem,
636 3327 842 3398 Consilium
876 3324 946 3396 tibi
974 3320 1145 3398 indicabit

145 3459 343 3533 nostrum,
359 3470 430 3516 nec
449 3461 575 3517 tamen
593 3443 749 3518 fortasse
774 3426 913 3515 omnia.
936 3444 1034 3536 Quis
1056 3441 1144 3516 enim

145 3561 236 3634 sciat
259 3587 351 3633 num
368 3562 573 3661 aliquando
599 3576 663 3634 ant
683 3562 803 3634 nimio
826 3562 993 3633 humore
1016 3562 1145 3643 laxata,

187 3954 231 4032 (ι)
253 3957 318 4027 53,
340 3957 392 4012 cit.
404 3974 495 4031 snpra
512 3957 550 4012 ad
567 3975 598 4012 n.
613 3965 640 4024 4.
