2580 4514
186 388 255 433 ms.
274 386 330 433 111.
353 387 401 432 BE
420 385 558 433 nonms
574 384 741 450 vnttrttts,
758 386 870 436 srts'r.
889 391 1043 439 xxxvnt.
1071 369 1142 469 627

136 525 230 573 rene
249 500 339 571 vitia·
358 499 421 570 illa
439 502 743 597 quorumgratia
762 499 862 572 hanc
885 504 954 575 tibi
973 480 1147 578 observa·

136 619 281 690 tionem
297 615 483 688 describo.
498 618 593 688 Nam
613 641 658 687 ex
673 617 755 712 ejus
771 618 872 689 renis
890 618 1068 695 inferiore
1085 650 1148 696 ex·

136 750 262 807 tremo
298 732 447 832 hydatis
481 733 779 832 protuberabat,
813 734 1013 811 mediocris
1045 743 1150 838 pomi

138 844 545 950 magnitudinemque
561 866 640 922 erat
661 851 772 949 plena
794 851 966 940 rubellae,
989 860 1057 928 etsi
1081 884 1149 956 per

136 970 511 1066 tunicastranspecta
526 969 930 1066 nigricarevidebatur.
945 976 1003 1043 Ere
1015 977 1150 1047 tunica

140 1087 305 1160 exterius
327 1101 435 1157 erant
461 1085 564 1174 duae,
593 1110 754 1184 quarum
782 1088 920 1163 extima
946 1088 1044 1159 nihil
1074 1107 1153 1170 erat

139 1204 262 1293 aliud,
285 1205 357 1276 nisi
375 1205 476 1277 renis
493 1203 715 1277 membrana
729 1204 901 1303 adiposa,
917 1205 979 1277 hic
992 1205 1042 1279 ob
1056 1232 1155 1280 sum·

140 1347 242 1396 mam
269 1323 427 1396 maciem
464 1347 596 1395 carens
623 1325 729 1394 omni
758 1324 1009 1422 pinguedine,
1038 1327 1155 1400 altera

140 1456 222 1514 erat
239 1439 461 1512 membrana
480 1440 582 1512 renis
604 1441 779 1538 propria,
803 1454 918 1538 quam
940 1467 1019 1514 non
1045 1446 1155 1543 copia

140 1574 290 1630 tantum
309 1556 426 1630 sedet
444 1557 597 1655 pondus
618 1556 839 1630 distraxerat
861 1584 966 1657 aqua
982 1561 1154 1653 incluse,

138 1677 285 1775 quippe
305 1677 344 1747 in
359 1701 402 1747 ea
417 1675 504 1748 sede
527 1690 564 1747 et
583 1675 655 1748 situ
675 1674 778 1746 illam
792 1676 957 1775 desuper
970 1682 1151 1778 urgentis.

141 1798 275 1891 Itaque
294 1817 380 1864 curn
403 1808 528 1866 essent
547 1791 638 1865 alibi
657 1792 696 1862 in
714 1793 849 1866 eodem
874 1820 964 1867 rene
986 1798 1153 1871 minores

140 1909 342 2008 hydatides
358 1911 437 1982 aliae
458 1910 559 2001 duan
576 1911 836 1984 membranam
853 1912 956 1985 iilam
976 1916 1075 1988 ultra
1091 1938 1153 2009 sp-

139 2025 334 2126 perficiem
355 2029 457 2100 renis
476 2054 556 2100 non
575 2028 800 2114 extulerant,
822 2028 893 2101 sub
916 2055 959 2102 ea
979 2031 1153 2106 videlicet

139 2146 350 2233 concluse,
376 2161 419 2217 ut
450 2160 590 2216 caeterae
615 2142 893 2242 frequentiores
922 2147 1084 2235 cellulae,
1115 2164 1153 2222 e't

141 2285 250 2334 suam
270 2261 340 2334 sibi
360 2261 488 2335 sedem
509 2262 548 2331 in
567 2263 669 2334 renis
695 2260 902 2339 substantia
920 2281 1149 2342 excavantes.
1254 2293 1256 2297 ·

141 2384 189 2452 In
205 2405 280 2479 qua
294 2380 415 2476 major
431 2403 585 2477 quoque
598 2376 747 2476 hydatis
763 2382 949 2478 superiori
963 2406 1036 2454 suae
1054 2386 1151 2482 parti

138 2497 270 2571 sedem
288 2498 328 2568 in
346 2496 600 2596 hemisphaerii
612 2522 710 2595 pene
725 2497 883 2571 modum
900 2517 1149 2592 excavaverat3

142 2630 185 2687 ut
198 2641 276 2688 non
293 2616 448 2688 alterius
468 2638 511 2686 ac
533 2613 605 2685 illae
627 2617 775 2712 generis
797 2640 876 2689 esse
901 2617 1149 2714 intelligerest

143 2734 224 2830 ejus
240 2731 493 2849 hemispherii
511 2731 692 2805 diameter
710 2736 823 2806 unius
844 2749 924 2806 erat
944 2733 1052 2833 digiti
1066 2737 1149 2834 pol·

138 2850 232 2923 licis.

193 2973 251 3056 ἀι.
265 2967 427 3041 Alterius
445 2966 577 3038 vetulae
594 2967 858 3041 dissectionem
871 2968 1148 3065 alias(1)habe·

139 3087 220 3174 bis,
245 3091 285 3156 in
306 3111 381 3185 qua
405 3110 475 3156 ren
494 3084 624 3157 itidem
642 3087 808 3172 sinister,
832 3099 1003 3158 extremo
1020 3103 1147 3167 tamen

138 3203 358 3300 superiore,
378 3204 416 3272 in
435 3199 653 3298 hydatidem
675 3201 747 3274 sibi
762 3203 930 3273 innatam
956 3204 1067 3277 vaide·
1084 3226 1149 3278 ex·

136 3319 381 3407 tendebatur,
397 3334 439 3390 ut
451 3343 535 3416 quae
546 3345 684 3417 aquam
697 3318 828 3392 lev'iter
838 3317 1044 3395 subflavam
1053 3347 1148 3398 cona

136 3437 285 3511 tinebat
304 3436 351 3509 ad
368 3439 498 3510 uncias
513 3452 686 3535 quatuor.

189 3554 246 3627 Ad
269 3557 431 3654 majores
454 3555 675 3652 hujusmodi
693 3553 890 3653 hydatides
903 3580 1080 3652 magnum
1100 3557 1144 3628 il·
1263 3586 1264 3590 ¹

175 3930 502 4010 mmmm.
