2580 4514
179 376 254 422 LIB.
276 376 332 421 111.
360 375 407 420 DE
433 374 568 421 MORBIS
589 374 759 435 vssrt'rltrs,
786 376 896 422 EPIST.
921 377 1044 422 xxxvl.
1078 354 1146 450 391

132 503 200 558 tur
216 485 280 561 lib.
299 514 330 584 7.
345 488 424 584 ipse
440 511 530 559 vero
546 501 744 558 contractae
762 511 805 557 ex
827 486 1016 561 veteribus
1030 489 1150 562 medi·

139 605 235 675 cinae
254 602 374 675 libros
391 601 594 675 confecerit
607 595 764 675 omnino
780 619 961 701 quatuor,
980 606 1148 704 singulos

141 722 181 791 in
201 736 410 818 quaternos
433 743 626 793 sermones
647 719 805 810 divisos,
821 720 915 793 illud
934 720 1003 794 tibi
1022 722 1148 822 inqui·

140 838 305 910 rendum
320 852 376 910 est
386 835 587 911 Tetrabibl.
605 835 627 911 3
646 861 753 910 serm.
778 865 797 909 a
818 863 897 936 cap.
922 837 975 911 16.
998 841 1066 912 Hic
1082 865 1148 913 au·

138 972 217 1028 tem
238 1008 250 1044 ,
268 970 306 1029 et
317 955 467 1052 gravior
486 954 549 1026 ille
566 955 607 1025 in
624 953 948 1027 Prorrheticorum
961 958 1149 1030 sententia

141 1097 274 1162 error,
292 1072 384 1144 dum
401 1070 516 1143 verba
531 1069 854 1145 Diemerbroeekii
868 1070 1147 1163 describuntur,

141 1215 214 1263 nee
232 1189 374 1261 laudati
394 1188 505 1261 abeo
527 1204 699 1260 auctores
727 1189 1000 1286 inspiciuntur,
1025 1190 1064 1261 in
1083 1194 1148 1263 Se·

141 1306 387 1405 pulchretum
405 1305 599 1379 traductus
616 1321 681 1379 est.
695 1306 887 1402 Interjecit
900 1306 930 1378 is
944 1321 1072 1405 postea
1085 1305 1149 1406 (1)

142 1439 185 1496 ut
205 1424 364 1520 opinor,
381 1423 550 1521 exempla
576 1425 826 1495 maximorum
855 1422 1017 1509 lienum,
1039 1424 1079 1495 in
1100 1442 1147 1496 eo

144 1539 353 1613 subsistens
361 1539 625 1639 quipendebat
638 1539 752 1613 libras
764 1541 894 1639 viginti
907 1555 991 1613 tres.
1005 1544 1148 1613 Verum

140 1656 360 1754 noscunt),
379 1658 408 1728 si
419 1673 518 1729 reete
529 1658 652 1756 ipsum
669 1657 854 1756 intelligo,
873 1683 894 1729 a
912 1673 1066 1755 parente
1080 1684 1149 1731 suo

143 1779 341 1849 inventum
361 1777 573 1874 scripserat,
589 1777 656 1874 qui
666 1775 857 1874 pendebat
870 1775 983 1848 libras
997 1781 1149 1874 triginta

145 1909 185 1965 et
201 1909 282 1965 tres.
305 1897 409 1965 Inter
423 1895 651 1965 recentiores
669 1908 794 1966 autem
824 1918 938 1993 quam
960 1893 1039 1966 illae·
1060 1906 1150 1967 sunt

143 2009 447 2099 ohservationes,
464 2011 533 2083 etsi
543 2011 675 2109 legisse
686 2037 763 2082 non
780 2011 936 2082 memini
946 2036 1030 2110 quae
1041 2012 1150 2085 lienis

143 2127 298 2229 pondus
317 2143 577 2227 proponerent
602 2128 650 2199 ad
670 2129 765 2200 illud
790 2127 995 2218 aecedens3
1021 2144 1149 2202 tamen

145 2243 251 2315 haud
276 2243 562 2317 contemnendae
584 2260 673 2317 sunt
699 2270 780 2342 quae
808 2271 853 2316 ex
880 2246 1044 2317 Henrico
1065 2244 1147 2316 Alb.

144 2361 293 2435 Nicolai
311 2358 381 2460 (3),
398 2378 583 2463 anteaque
596 2387 641 2433 ex
653 2363 835 2434 Mauricio
851 2359 1080 2434 Hoffmanno
1096 2361 1151 2460 (4)

146 2477 430 2553 editaefuerunt.
444 2481 511 2551 Hic
530 2481 631 2552 enim
652 2480 822 2581 pondere
838 2479 1019 2552 librarum
1037 2482 1151 2578 quin-

148 2596 299 2686 decim,
317 2596 380 2668 ille
393 2622 483 2668 vero
499 2596 633 2671 selibra
652 2598 805 2696 insuper
826 2597 1034 2694 graviorem
1053 2599 1153 2696 sple-

148 2739 242 2787 nem
261 2716 506 2802 invenerunt,
521 2730 680 2813 uterque
701 2716 771 2803 ita,
789 2730 830 2787 ut
852 2714 1096 2813 diaphragma
1113 2717 1152 2787 in

151 2832 304 2907 sinistro
320 2831 434 2905 latere
449 2830 497 2903 ad
512 2846 632 2904 costas
656 2834 868 2931 superiores
892 2831 1154 2928 compelleret,

148 2946 336 3045 Henricus
351 2964 476 3020 autem
491 2964 533 3020 ut
546 2950 657 3021 simul
674 2949 721 3019 ad
739 2951 932 3048 regionem
946 2972 1066 3045 usque
1076 2949 1155 3019 ilia·

148 3090 235 3139 cam
249 3065 515 3164 propenderet.
540 3065 612 3137 Sed
631 3068 670 3138 in
687 3064 828 3141 infante
855 3067 1046 3138 Preussius
1063 3064 1117 3164 (ὅ)
1134 3090 1155 3136 a

149 3183 305 3255 sinistro
322 3181 614 3282 hypochondrio
629 3209 699 3283 per
716 3170 932 3256 universum
951 3183 1045 3254 illud
1060 3184 1156 3255 latus

157 3580 161 3585 ,
191 3520 238 3597 (r)
259 3522 348 3576 Anat.
361 3520 381 3575 l.
399 3541 431 3591 r,
446 3541 472 3576 e.
491 3521 540 3591 16,
556 3512 742 3576 editrl³atan

225 3643 237 3695 )
258 3621 303 3674 De
319 3619 420 3676 facult.
439 3631 518 3676 anat.
534 3621 602 3675 lect.
619 3638 645 3674 2.
740 3662 744 3669 .

188 3623 198 3674 l
204 3619 235 3675 a*

187 3718 235 3795 (3)
256 3721 369 3775 Comm.
385 3720 474 3776 litter.
491 3738 537 3774 an.
555 3720 645 3791 1732,
658 3718 749 3775 hebd.
765 3719 820 3787 33,
836 3737 866 3773 n.
881 3737 915 3788 2,
931 3718 970 3774 ad
983 3715 1010 3773 5.

186 3818 236 3895 (A)
257 3819 333 3892 Eph.
350 3821 386 3875 N.
402 3821 435 3875 C.
448 3820 512 3880 dec.
527 3819 562 3890 3,
576 3821 611 3874 A.
621 3838 643 3894 9
655 3828 684 3874 et
699 3837 734 3874 ro
745 3817 776 3873 in
785 3819 913 3893 append.
925 3837 954 3871 n.
968 3836 998 3888 r,
1014 3814 1077 3872 obs.
1095 3814 1122 3869 5.

190 3917 237 3994 (5)
259 3919 399 3976 Earumd.
414 3930 489 3977 cent.
505 3921 538 3991 3,
556 3919 620 3988 obs,
640 3938 685 3974 ιι.
981 3928 983 3933 ’
