2580 4514
136 327 207 411 384
298 347 344 392 ns
370 343 515 392 scurrus
539 343 583 388 rr
608 341 730 389 causis
755 343 968 391 uonsonurr

138 461 368 544 examinans,
387 456 499 527 didici
527 455 728 551 aliquando
753 452 916 527 fortasse
933 472 1031 529 certe
1051 482 1116 529 non

138 601 285 673 semper
303 574 341 644 id
360 598 437 644 esse
457 597 605 659 verum,
624 562 727 669 quod
755 599 800 643 ex
819 599 873 679 ea!
886 599 1001 670 quam
1020 577 1118 646 modo

138 692 306 766 dicebam
323 690 561 777 membrana,
578 715 622 759 ex
641 690 795 787 aliisque
809 692 1048 786 conjeceram
1061 747 1071 780 ‚
1082 694 1121 762 vi·

138 810 271 880 delicet
304 806 442 904 splenis
473 807 756 877 conversionem
789 808 828 876 in
864 832 1014 880 osseam
1047 809 1122 906 lapi-

137 927 289 998 deamve
309 941 479 994 naturam
495 926 533 993 in
555 926 682 995 tunica
701 925 889 1021 incipere,
913 941 954 997 et
970 927 1010 997 in
1026 925 1123 1022 hujus

52 1130 54 1137 y
137 1043 288 1141 quidem
309 1043 571 1139 utplurimum
593 1041 655 1112 illa
681 1057 785 1139 parte
804 1067 887 1138 quae
912 1066 1124 1131 convexam,

139 1160 299 1256 ideoque
323 1160 473 1230 alternae
501 1159 790 1256 diaphragmatis
808 1161 1000 1257 pressioni
1019 1160 1125 1231 obno-

137 1280 232 1348 xiam
248 1279 409 1348 investit.
432 1282 475 1347 ln
496 1301 537 1348 ea
555 1278 654 1346 enim
678 1292 799 1374 parte,
821 1277 1127 1374 quotiescumque

139 1395 176 1464 id
200 1394 293 1464 mihi
316 1394 442 1465 videre
475 1393 628 1481 accidit,
653 1393 747 1480 vidi,
779 1394 1038 1492 videruntque
1060 1394 1126 1482 alii,

137 1513 366 1608 quicumque
384 1508 460 1581 fere
478 1527 616 1581 certam
644 1510 843 1606 quamdam
862 1512 903 1581 in
921 1538 1000 1609 qua
1016 1512 1055 1583 id
1073 1512 1127 1582 de·

137 1626 428 1723 prehenderint‚
450 1628 583 1705 tunicae
607 1628 687 1721 ejus
704 1642 847 1724 partem
865 1628 1127 1727 designarunt3

137 1768 262 1813 rarum
290 1743 390 1814 enim
411 1759 464 1813 est
489 1743 595 1840 quod
616 1745 655 1812 in
676 1745 845 1841 opposita
876 1745 967 1818 sede
997 1747 1135 1819 Pechli·¹

139 1885 210 1930 nus
229 1859 286 1955 (r)
311 1861 494 1930 invenerit
520 1887 528 1929 :
555 1860 719 1957 illucque
744 1859 989 1934 referendum
1013 1864 1132 1936 crede·-

138 1977 222 2047 bam
237 1976 370 2047 Boschi
389 1979 595 2065 monitum,
613 1981 651 2047 in
668 1979 914 2075 Sepulchrcto
926 1981 1128 2080 quoque(a)

138 2095 385 2192 productum,
417 2096 463 2166 de
488 2101 678 2194 superiore
703 2104 827 2167 tunica
857 2098 985 2186 lienis,
1013 2124 1128 2173 versia

140 2212 349 2303 abdominis
369 2214 552 2283 mascalas
573 2228 761 2308 vergente,
783 2221 836 2284 ita
854 2214 954 2286 dara
974 2217 1128 2307 reddata,

141 2345 183 2399 at
196 2330 358 2400 sdirrkas
376 2337 473 2399 intra
488 2330 590 2400 lienis
604 2333 848 2402 substantiam
865 2330 960 2404 falso
987 2360 1066 2407 esse
1081 2340 1129 2407 vi·

140 2445 299 2515 deatar:
321 2462 362 2516 ut
384 2462 425 2517 tu
443 2473 595 2544 quoquc
613 2447 1009 2535 eodemreferendum
1036 2451 1130 2525 facilc

141 2562 268 2633 credes
288 2563 391 2660 quod
409 2565 447 2633 in
466 2564 585 2634 nobili
606 2589 693 2634 sene
711 2565 902 2637 adnotavit
920 2571 1130 2665 praestantis

139 2679 295 2751 Plancus
313 2680 385 2775 (3),
401 2681 572 2773 videlicet
590 2688 627 2750 ia
646 2686 861 2756 membrana
870 2684 979 2757 lienis
997 2712 1076 2784 qua
1090 2685 1130 2757 ad

138 2798 382 2894 peritonaeum
404 2813 503 2868 arcte
528 2798 739 2870 adhaerebat
754 2800 1129 2893 ossificationem‚aut

140 2915 242 3011 quod
267 2917 328 2984 aiii
350 2916 403 3011 (Δ)
425 2918 464 2984 in
491 2914 628 2986 femina
651 2920 763 2988 trium
782 2934 818 2991 et
841 2921 998 3017 triginta
1019 2946 1128 2993 anno-

138 3057 245 3115 rum,
262 3032 455 3101 dimidiam
472 3049 637 3103 externa
654 3038 865 3131 superficiei
879 3038 1050 3132 ejusdem
1067 3040 1127 3111 vis·

139 3149 231 3217 ceris
240 3153 456 3243 portionem
465 3157 617 3245 penitas
635 3157 672 3220 ia
691 3150 950 3248 cartilaginem
974 3180 1124 3227 versura

137 3268 230 3332 Nam
252 3263 356 3359 quod
383 3266 654 3359 ejusdemmodi
676 3272 934 3342 conversionis
962 3273 1124 3359 initium,

190 3585 202 3620 1
237 3567 307 3623 Ohs.
325 3567 375 3622 cit.
394 3587 496 3640 supra,
511 3569 558 3623 ad.
571 3590 601 3624 n.
619 3579 663 3638 ιζ..

187 3684 204 3721 a
238 3667 313 3723 Sect.
329 3669 384 3721 hac
403 3669 592 3736 17‚obs.ar.

240 3766 331 3839 Epist.
347 3767 383 3820 de
398 3766 547 3821 monstris.

240 3869 276 3920 ln
287 3868 448 3922 Commerc.
464 3867 554 3923 litter.
569 3885 617 3923 an.
632 3868 716 3943 1734.
727 3863 815 3924 hebd.
828 3887 873 3942 29.
