2580 4514
256 96 326 167 380
418 116 464 163 nn
491 114 634 162 snnmus
659 114 702 160 nr
727 112 850 159 esusts
875 112 1086 162 monnonun

256 246 332 301 tem
346 228 544 324 xvtltn),
560 228 695 298 lienem
709 250 822 324 supra
834 224 996 296 modum
1013 224 1209 325 magnunbr·
1270 185 1283 226 i

254 346 405 451 pidt'bus
417 345 568 443 plenum
586 345 797 430 albissimum
813 344 851 411 in
869 343 944 413 alio
955 342 1212 441 (2)multosctn
1232 386 1235 401 =

259 470 431 534 liuentem
444 460 631 549 culcul053
650 475 691 531 ut
706 476 856 531 caeteros
870 475 907 530 et
922 461 961 530 in
975 460 1040 532 his
1056 463 1214 532 binossrtis

256 580 416 676 grandes
424 580 670 678 pluribusque
686 577 770 648 aliis
782 584 943 648 sociatos
952 633 963 665 ,
981 602 1085 675 quos
1097 600 1218 650 comm

258 711 381 767 morat
408 697 584 767 [emilius
602 696 672 791 (3),
692 697 860 765 omittam
881 697 1051 792 :etipse
1073 696 1159 766 alias
1174 696 1224 766 dn
1245 770 1248 775 ,

261 814 402 884 cribam
422 812 489 884 tibi
506 815 544 883 in
564 839 641 910 quo
658 812 705 883 ab
723 838 826 884 ossea
839 811 947 883 lienis
965 815 1101 883 tunica
1115 830 1233 885 osseum
1259 894 1263 903 Ι

259 956 397 1028 corpus
414 933 615 1002 introrsum
632 931 823 1029 pertinens
840 928 1174 1027 deprehenderim,
1182 948 1241 1027 qno
1268 1000 1284 1009 ..

259 1065 295 1120 et
316 1048 407 1118 illud
436 1049 656 1145 pertinuisse
681 1047 902 1118 crediderim
923 1047 1034 1143 quod
1055 1074 1076 1118 a
1098 1048 1248 1119 Vaisrlvr

259 1167 297 1235 in
316 1192 390 1236 anu
403 1167 521 1235 visum
544 1163 656 1262 paulo
673 1154 781 1234 ¹antea
803 1163 984 1234 dicebam.
1003 1164 1111 1254 Quid
1129 1166 1145 1234 P
1162 1156 1256 1263 quod

258 1309 337 1353 non
355 1284 608 1352 membranum
627 1283 746 1353 solum
766 1288 1011 1367 exteriorem,
1038 1298 1082 1353 ut
1113 1282 1257 1379 quidam

260 1399 454 1486 scribunt,
475 1399 537 1469 sed
553 1417 670 1471 totum
688 1402 786 1471 senis
802 1399 995 1494 cujusdam
1018 1399 1161 1471 lienem
1173 1398 1256 1496 lapi-

261 1514 372 1585 deum
399 1513 536 1586 factum
569 1522 676 1616 regiae
701 1516 945 1589 scientiarum
976 1517 1187 1588 Academia
1201 1540 1251 1587 os·

260 1632 379 1704 tendit
391 1635 543 1704 Littrius
554 1635 625 1732 (ωε
642 1660 787 1732 nosque
797 1635 859 1704 hic
874 1637 912 1703 in
927 1637 1119 1732 gymnasii
1129 1640 1248 1707 Museo

260 1751 418 1822 alterum
445 1751 650 1841 habemus,
668 1768 752 1823 ante
772 1751 883 1847 hujus
900 1754 1057 1823 initium
1083 1755 1198 1826 saeculi
1211 1775 1242 1822 ex
1279 1730 1284 1741 ¹

262 1868 440 1939 cadavere
461 1869 744 1967 depromptum,
769 1869 872 1966 quod
896 1869 1055 1967 publice
1074 1873 1115 1942 in
1134 1871 1238 1945 eodem

261 1987 454 2082 gymnasio
479 1987 741 2058 dissecabatur.

308 2100 356 2171 15.
383 2107 501 2193 Quem
536 2104 672 2175 lienem
701 2130 786 2175 cum
814 2103 997 2175 hactenus
1026 2106 1236 2206 descripserit
1263 2184 1266 2191 Ι

264 2244 397 2306 nemo,
419 2219 520 2290 haud
541 2221 635 2292 tibi
626 2238 811 2319 ingratum
830 2219 909 2292 fore
928 2247 1066 2319 spero,
1086 2250 1115 2296 st
1106 2224 1192 2295 id
1183 2246 1237 2321 ipse

261 2352 431 2432 praestem
459 2340 547 2434 qui,
568 2338 757 2410 innuente
775 2337 1102 2413 Musae1Praefect0
1120 2339 1238 2414 ettat
1268 2426 1271 2437 Ι

257 2452 432 2538 lisner’10‚
464 2452 541 2524 filio
550 2456 780 2553 ‚diligenter
803 2456 984 2554 quoad
950 2482 1035 2553 ejus
1060 2459 1143 2531 fieri
1165 2473 1239 2531 exte·

260 2571 338 2640 rius
359 2569 481 2657 licuit,
504 2574 720 2642 examinavi
740 2578 889 2671 Longus
912 2589 967 2646 est
981 2590 1129 2672 septem
1147 2558 1240 2648 trans·

256 2711 386 2757 versos
397 2687 552 2785 digitos,
567 2689 682 2778 latus,
702 2716 775 2786 qua
791 2706 845 2761 est
855 2691 1079 2781 latissimus,
1092 2710 1241 2791 quatuor,
1282 2680 1284 2739 ³

257 2802 303 2871 ad
321 2802 477 2874 alterum
496 2819 620 2876 autem
641 2823 850 2877 extremum
871 2809 957 2905 plus
979 2809 1159 2900 duobus3
1177 2832 1241 2881 nan

259 2917 376 2987 altero
389 2920 427 2988 in
441 2923 619 3019 angulum
639 2923 795 2995 desinit:
814 2949 960 2996 crassus
972 2952 1053 2997 uno
1068 2930 1109 2998 in
1128 2929 1203 2998 loco
1213 2938 1243 2994 ut

256 3034 436 3107 minimus
454 3037 609 3135 digitus,
628 3040 716 3110 alibi
737 3041 892 3111 dimidio
914 3043 1067 3133 minus,
1094 3042 1243 3143 pluribus
