2580 4514
136 403 210 485 630
263 444 267 454 ·
300 421 347 482 ot
373 421 521 482 santam
547 424 591 480 rr
616 417 744 475 cissis
769 416 992 475 remonon

132 547 238 619 tione
255 543 391 621 Plateri
412 540 490 637 (r),
507 537 574 614 ubi
598 537 770 613 dissectis
789 563 880 636 quae
903 564 1045 614 renum
1072 562 1148 614 cor·

134 664 219 766 pori
234 661 379 734 aduatae
392 672 519 745 erant,
536 656 669 731 vesicis
681 681 780 754 aqua
798 656 947 753 plenis,
959 685 1067 758 aquo
1069 686 1149 760 pro·

123 780 296 881 fluebat,
304 780 583 875 foraminaque
595 776 801 874 potebant,
822 791 864 849 ut
893 802 980 848 non
1006 779 1054 850 iis
1070 780 1150 852 vesi·

137 901 190 977 cis
210 897 287 971 boe
300 912 363 975 est
376 894 648 982 tribuendum,
678 893 745 968 sed
774 894 978 969 ulceribus
1006 897 1151 986 multis,

137 1040 221 1116 quas
238 1029 281 1089 ut
301 1037 412 1088 renes
430 1011 478 1088 ab
496 1011 744 1086 interioribus
761 1012 809 1084 ad
831 1015 1028 1086 exteriora
1041 1040 1151 1114 usque

137 1131 350 1233 perforasse
371 1131 484 1220 dicit;
503 1131 557 1207 sie
579 1129 677 1203 nihil
699 1145 799 1203 vetat
822 1132 924 1229 quin
942 1131 995 1204 ad
1021 1134 1151 1206 vesica·

136 1276 224 1325 rum
248 1238 370 1347 usque
392 1273 526 1324 cavum
545 1248 717 1346 quaedam
745 1248 817 1321 sibi
847 1247 1046 1324 foramina
1073 1277 1151 1351 ape·

135 1372 313 1450 ruissent.
342 1371 426 1460 Qua
453 1392 500 1439 ex
531 1365 796 1439 observatione
824 1367 970 1442 modus
1003 1370 1149 1467 quidem

137 1489 233 1564 nlius
255 1487 404 1558 stratio
421 1499 595 1585 apparet,
610 1509 687 1583 qua
704 1485 851 1584 possint
863 1485 925 1558 bae
939 1511 1083 1560 renum
1094 1488 1150 1586 by*-

139 1605 284 1681 datides
308 1606 429 1679 multo
457 1605 632 1678 citiusne
663 1605 802 1682 certius
830 1607 994 1678 oscinem
1021 1603 1150 1693 faeere,

139 1724 207 1799 ubi
224 1725 298 1796 sint
312 1723 439 1801 ulcera
460 1724 546 1795 cnm
563 1722 662 1821 pelvi
679 1724 1034 1816 communicantia3
1057 1726 1153 1798 citius

140 1845 241 1918 enim
263 1841 342 1913 hnc
369 1841 415 1912 ad
440 1865 596 1940 magnas
613 1841 762 1914 illarum
782 1866 941 1934 caveas,
967 1868 1089 1944 quam
1115 1843 1153 1916 ad

140 1985 276 2036 renum
295 1956 533 2057 superficiem
555 1960 798 2058 pervenient,
816 1958 985 2059 illasque
1014 1963 1154 2034 invecto

141 2079 218 2155 scri
235 2077 365 2151 icbore
384 2073 581 2174 multoque
606 2077 699 2148 lotio
726 2093 1011 2176 perrumpent,
1039 2096 1078 2152 et
1093 2081 1155 2152 boc

139 2198 281 2297 jugi-ter
299 2197 339 2268 in
355 2210 526 2270 ventrem
548 2192 768 2283 effundent,
791 2220 872 2267 non
895 2220 1015 2271 secus
1037 2223 1081 2270 ac
1099 2222 1156 2298 per

144 2341 182 2391 se
200 2314 394 2388 effundere
423 2313 641 2386 debuerunt
661 2314 701 2384 in
720 2314 792 2384 alia
818 2314 962 2387 Plateri
986 2315 1157 2390 observa·

143 2437 248 2508 tione
265 2433 344 2531 (α),
373 2430 665 2530 effuderantque
685 2433 726 2502 in
751 2455 796 2502 ea
815 2457 934 2528 quam
953 2460 1004 2508 ex
1025 2436 1156 2508 Piccol·

145 2553 305 2626 bomino
323 2576 412 2622 cum
435 2552 563 2649 priore
576 2551 640 2621 illa
656 2551 793 2621 Plateri
810 2574 929 2649 supra
953 2554 1011 2650 (3)
1028 2554 1157 2627 indica·

145 2673 279 2742 vimus.
297 2672 481 2741 Caeterum
503 2668 563 2740 vel
586 2666 805 2741 absentibus
821 2669 1046 2761 ulceribus,
1066 2675 1095 2746 si
1112 2672 1158 2742 be

146 2788 345 2888 hydatides
369 2813 415 2858 eo
440 2788 515 2858 sint
531 2810 693 2858 numero
713 2800 778 2858 aut
797 2788 1098 2886 magnitudine,
1124 2803 1158 2861 ut

146 2911 249 2980 renis
266 2908 463 3003 utriusque
489 2904 735 2978 substantiam
765 2904 926 2976 multam
955 2909 1158 2982 deleverint

147 3042 215 3098 aut
251 3024 567 3130 constipaverint3
596 3023 752 3095 minime
790 3014 959 3095 dubium
992 3043 1051 3100 est
1078 3029 1157 3126 quin

148 3143 257 3214 valde
272 3146 471 3214 imminuta
496 3141 579 3219 lotii
602 3142 834 3230 secretione,
856 3141 1038 3244 hydrops
1065 3145 1157 3217 facile

148 3262 354 3358 contingat.
380 3260 492 3352 Quod
517 3261 548 3332 si
566 3261 722 3357 insuper
738 3258 944 3348 dissiliant,
969 3262 1157 3362 effusoque

148 3374 340 3465 humore,
367 3403 569 3450 excernere
584 3376 859 3450 assidueaiium
869 3399 1064 3480 pergant,
1082 3382 1157 3453 binc

152 3501 303 3571 ascitem
321 3494 401 3568 fore
422 3493 660 3567 manifestum
675 3509 741 3567 est.

192 3797 237 3874 (ι)
257 3795 412 3870 Sepulchr.
425 3813 449 3851 s.
461 3795 518 3850 bac
531 3811 584 3864 21,
599 3790 664 3850 obs.
679 3791 711 3865 8,
728 3794 783 3863 5²·

195 3895 236 3975 (a)
258 3895 336 3953 Ibid.
352 3896 416 3952 obs.
435 3914 486 3966 ιι,
501 3897 518 3966 5
531 3901 559 3962 t.

193 3995 237 4074 (a)
259 3998 296 4053 n.
322 4015 367 4070 19.
