2580 4514
162 337 236 414 600
335 358 381 406 nr
407 353 551 404 seorsus
575 352 619 423 rr
643 350 768 402 ciusrs
793 352 1012 427 moruorum

163 497 252 546 nam
271 470 450 543 admittat.
468 465 581 559 Quod
603 468 671 540 etsi
690 493 769 540 non
788 469 865 540 nisi
890 495 964 568 per
983 469 1156 544 dissectio·

164 615 253 664 nem
271 600 444 688 apparet;
472 599 529 657 tot
546 599 671 657 tamen
699 585 763 656 alii
782 601 875 659 sunt
893 588 1002 662 illius
1026 603 1062 660 et
1086 588 1158 661 alio·

164 733 251 782 rum
266 708 450 779 viscerum
478 701 602 774 morbi
623 703 691 801 qui
707 705 952 776 curationem
985 730 1065 778 non
1081 707 1159 778 reci·

164 827 295 924 pium,
317 838 360 894 ut
383 846 470 894 eum
488 819 658 892 laesorum
683 821 872 894 viscerum
895 821 1044 896 indicia
1071 838 1160 910 sunt,

164 967 244 1015 non
265 940 311 1012 sit
327 952 467 1010 temere
488 938 536 1009 ad
561 961 747 1035 aquarum
773 940 1028 1014 emissionem
1047 939 1160 1011 decur-

164 1059 337 1133 rendum.
356 1054 610 1148 Quamobrem
640 1054 738 1126 lianc
760 1054 904 1145 nobili,
925 1056 978 1129 de
1004 1082 1082 1156 quo
1097 1056 1162 1128 dic·

165 1191 247 1247 tum
265 1189 337 1262 est,
358 1198 456 1273 aegro
478 1197 594 1245 nemo
615 1186 672 1243 tot
699 1170 943 1244 medicorum
968 1174 1161 1273 proposuit.

166 1298 349 1365 Caeterum
366 1288 469 1388 quod
487 1291 616 1389 plures
630 1314 716 1360 cum
736 1289 909 1361 Ballonio
929 1290 992 1387 (1)
1015 1305 1053 1364 et
1071 1295 1164 1363 Sauc-

167 1411 268 1484 torio
287 1423 417 1482 nostro
431 1406 693 1506 (altercatur,
711 1431 759 1478 ue
776 1409 985 1503 peritonaei
1008 1423 1046 1481 et
1068 1409 1164 1482 intes·

168 1529 336 1599 tinorum
350 1523 594 1596 inflammatio
611 1547 654 1595 ac
673 1547 863 1622 gangrena
878 1547 995 1622 aquae
1011 1525 1165 1598 eductio·
1200 1540 1206 1597 t

170 1670 258 1717 nem
285 1658 581 1742 consequantur,
613 1667 692 1713 non
723 1642 861 1738 injuria
897 1639 1032 1716 facere
1065 1643 1164 1716 vidcn'

170 1774 328 1860 possunt
363 1757 642 1858 perlegentibus
669 1758 838 1856 exempla
866 1784 1011 1832 eorum
1046 1760 1166 1860 quibus

172 1876 423 1973 eductaeque
451 1873 588 1964 brerat,
606 1899 770 1974 quorum
793 1875 914 1947 multa
936 1892 1034 1950 sunt
1056 1880 1094 1950 in
1116 1882 1166 1950 Se·

171 1993 412 2093 pulchretum
436 1993 491 2090 (3)
511 1992 636 2064 relata.
661 1992 805 2085 Quibus
836 1993 995 2066 celebre
1024 1982 1114 2076 illud
1135 1996 1165 2064 iu

170 2113 302 2212 primis
331 2109 445 2183 addes
468 2109 572 2209 quod
598 2110 643 2180 cl.
674 2107 874 2181 Scherbius
899 2110 960 2208 (4)
987 2111 1168 2211 descripsit

171 2231 262 2316 viri,
282 2229 344 2299 eui
360 2226 521 2299 calculus
536 2227 575 2297 in
592 2226 829 2324 receptaculo
844 2225 950 2324 cbyli
968 2246 1166 2316 concretus,

172 2345 285 2442 hujus
312 2360 349 2416 et
375 2342 536 2443 lymphae
557 2342 732 2442 expedito
759 2346 797 2427 in
825 2343 1072 2419 thoracicum
1097 2346 1169 2418 duo

172 2481 252 2536 tum
282 2463 450 2535 ascensui
483 2486 522 2534 se
557 2485 775 2560 opponens,
801 2461 997 2557 ejusmodi
1034 2468 1168 2538 ascitem

174 2580 366 2667 attulerat,
394 2595 438 2651 ut
463 2580 606 2678 septies·
632 2603 736 2676 aquae
770 2602 790 2647 a
823 2577 1023 2679 chirurgis
1047 2581 1169 2654 brerint

173 2697 337 2786 educte,
370 2697 511 2795 quippe
541 2696 648 2766 novis
678 2717 825 2792 semper
851 2697 1170 2771 succrescentibus

174 2813 297 2886 donec
318 2812 503 2886 sexdecim
521 2827 606 2913 post
622 2811 791 2882 ultimam
807 2810 1060 2886 eductionem
1081 2815 1170 2886 boris

174 2933 299 3004 vivere
316 2929 434 3002 desiit.
448 2930 523 3002 Etsi
539 2954 630 3000 vero
648 2952 726 2999 non
746 2952 767 2998 a
793 2928 987 3001 viscerum
1011 2932 1114 3021 labe,
1137 2944 1170 3002 ut

136 3096 142 3118 .
175 3048 350 3148 praeclare
379 3046 502 3134 vides,
523 3045 692 3144 hydrops
716 3044 780 3116 hic
808 3046 1002 3144 originem
1031 3049 1171 3133 babuit;

175 3179 301 3235 tamen
325 3179 511 3235 omentum
537 3178 654 3235 totum
663 3163 753 3254 fere
774 3179 1044 3264 consumptum
1067 3173 1171 3240 iuver·

245 3485 256 3562 )
277 3487 312 3540 ln
325 3484 418 3542 schol.
431 3485 470 3543 ad
482 3489 545 3556 §1
560 3486 624 3544 obs.
639 3483 756 3559 5bujus
769 3497 840 3544 sect.
857 3487 1025 3564 Sepulcbr.

274 3583 352 3640 lbrd.
743 3611 746 3621 ·

224 3582 409 3758 llObscrt
424 3686 610 3754 etaett
626 3702 658 3756 1,
673 3682 1049 3753 6et11,etinadditam.
1062 3693 1122 3750 obs
1136 3696 1173 3764 49,

212 3482 241 3562 (ι

210 3582 240 3659 (²

212 3680 243 3757 (3

173 3779 228 3852 64,
246 3781 282 3852 76
294 3791 324 3837 et
336 3780 383 3838 86.

212 3876 222 3949 (
225 3877 256 3955 4)
274 3881 319 3935 Do
332 3881 445 3937 calculo
458 3891 604 3956 receptae.
619 3881 696 3958 chyl.
711 3876 799 3958 hydr.
815 3901 921 3944 causa.
