2580 4514
190 393 260 442 mn
283 396 340 443 ur.
368 396 414 442 ne
440 395 574 442 uonms
599 385 768 460 vaurms,
794 395 905 442 amsr.
933 394 1038 441 xxxv.
1067 365 1137 440 325

136 501 308 578 hementi
324 509 587 580 intestinorum
610 506 741 579 dolore
761 490 955 578 manifesta
981 507 1140 578 convul-

138 625 254 696 sionis
283 625 422 696 indicia
449 626 509 696 vel
538 627 656 723 magis
678 651 790 722 quam
809 627 848 695 iu
874 625 983 695 Laelio
1008 625 1080 721 (1),
1101 649 1140 698 se

137 742 317 838 produnt.
334 743 469 830 Sic,ne
483 742 693 814 horrendas
708 743 971 814 convulsiones
988 740 1051 812 hic
1065 740 1140 825 mee

138 881 305 947 morem,
322 883 405 955 quae
430 861 468 929 in
490 858 750 931 observatione
774 858 827 956 (a)
847 875 1139 958 proponuntur,

139 976 216 1047 sive
227 991 494 1074 symptomata,
511 977 588 1048 sive
608 976 870 1049 dissectionem
886 991 1045 1074 spectes,
1062 976 1139 1048 huc

137 1096 341 1181 attinente3
365 1095 437 1183 sic,
456 1094 634 1192 inquam,
655 1096 810 1191 memini
840 1095 879 1164 in
909 1094 1029 1192 patria
1057 1118 1141 1165 mea

137 1208 319 1304 grandem
336 1224 446 1298 natu,
465 1210 531 1283 sed
548 1209 690 1283 viribus
706 1209 823 1283 firmis
839 1211 1042 1309 virginem,
1060 1210 1140 1282 cui·

136 1325 224 1397 dam
241 1328 382 1398 ventris
398 1326 523 1399 dolori
537 1327 761 1416 obnoxiam,
779 1353 893 1426 quern
915 1328 1041 1399 senior
1058 1328 1140 1422 ejus

137 1442 306 1516 medicus
325 1443 485 1516 culicum
509 1470 689 1533 essenon
714 1444 933 1533 dubitabat,
959 1469 1045 1517 cum
1069 1442 1142 1515 sub

136 1543 254 1631 finem
266 1562 355 1632 anni
374 1585 479 1660 1709,
493 1563 648 1651 eodem,
664 1563 730 1635 sed
746 1565 934 1662 graviore,
954 1561 1141 1660 prehensa

138 1691 251 1766 esset,
266 1678 380 1751 nullis
392 1695 541 1768 tamen,
559 1681 635 1751 sive
649 1679 795 1778 pulsus,
812 1682 887 1752 sive
905 1681 1031 1750 urinas
1042 1722 1052 1769 ,
1063 1680 1139 1751 sive

105 1843 108 1848 -
139 1794 211 1866 alia
225 1812 430 1893 spectares,
446 1796 717 1868 comitantibus
729 1796 843 1869 febris
855 1796 1020 1883 indiciis,
1033 1820 1140 1866 cum-

139 1936 217 2009 que
248 1937 318 2011 per
340 1913 535 2010 clysterem
560 1915 627 2012 qui
649 1911 782 1988 biliosa
808 1915 1004 2003 eduxerat,
1033 1912 1142 1984 valde
1236 1968 1237 1972 ,

140 2044 239 2101 essct
251 2026 397 2116 levata,
422 2030 633 2128 morboque
658 2031 793 2105 indies
814 2034 930 2130 magis
948 2032 1141 2128 magisque

139 2146 317 2233 remisso,
333 2172 354 2218 a
372 2147 519 2219 medico
535 2148 697 2246 amplius
713 2174 792 2219 non
812 2151 1050 2234 inviseretur3
1066 2170 1141 2216 me·
1232 2231 1235 2239 ‚

140 2263 194 2333 mi
223 2263 236 2332 i
253 2263 387 2361 igitur,
405 2288 492 2335 cum
510 2264 722 2336 domesticae
741 2266 917 2337 mulieres
941 2265 1027 2335 loco
1054 2286 1143 2333 ene-

139 2287 250 2455 malis
273 2381 378 2477 quod
399 2382 551 2454 alternis
570 2381 702 2454 diebus
717 2383 765 2453 ad
788 2407 982 2481 vesperam
1001 2381 1142 2476 injicie-

138 2495 270 2583 batur,
281 2499 575 2596 suppositorium
587 2523 632 2569 ex
644 2499 753 2572 melle
764 2499 1004 2585 indidissent,
1019 2494 1143 2569 statim

139 2615 205 2685 ani
224 2614 355 2687 dolore
374 2631 450 2687 tam
474 2617 592 2688 atroci
616 2631 829 2714 correptam
851 2640 953 2705 esse,
972 2631 1014 2712 ut
1034 2639 1144 2686 mane

138 2731 303 2802 inveniri
313 2730 443 2830 pulsus
457 2757 536 2804 non
548 2749 702 2831 possent
716 2760 723 2802 :
736 2731 847 2806 fuisse
858 2748 983 2804 autem
998 2756 1043 2802 eo
1057 2756 1145 2831 epm

147 2848 283 2921 dolore
299 2863 439 2921 tantam
457 2852 762 2924 constrictionem
792 2855 854 2932 aui
879 2849 1145 2945 conjunctam,

147 2982 192 3039 ut
215 2967 355 3064 clysma
376 2968 479 3041 nulla
497 2971 642 3057 ratione
662 2969 862 3040 immittere
880 2968 1032 3038 liceret:
1058 2992 1147 3038 mox

146 3109 240 3158 vero
254 3110 339 3156 cum
356 3087 391 3157 ei
408 3087 673 3173 contractioni,
690 3103 726 3158 et
741 3086 864 3157 dolori
876 3110 944 3183 per
956 3084 1147 3157 emollien-

144 3204 198 3275 tia
218 3202 392 3300 anodyna
410 3203 552 3276 mederi
571 3205 786 3292 studerent,
805 3218 960 3302 repente
979 3201 1148 3299 ejusdem

143 3321 263 3420 partis
282 3319 550 3393 relaxationem
576 3347 654 3392 non
678 3346 785 3393 secus
802 3345 844 3392 ac
866 3307 960 3418 saepe
983 3317 1082 3391 'solet
1107 3320 1146 3392 in

145 3435 414 3526 cadaveribus,
441 3439 725 3536 supervenisse,
759 3455 794 3510 et
828 3440 924 3509 circa
953 3435 1150 3510 meridiem

143 3553 1151 3654 ipsammortem.lgiturfacesseconvulsionemNum
1207 3566 1215 3581 “

184 3836 231 3915 (1)
251 3841 295 3896 De
309 3860 368 3916 qno
380 3861 484 3918 supra,
498 3862 529 3898 n.
547 3861 574 3898 a.

187 3937 232 4017 (a)
253 3940 330 4016 Eph.
342 3944 380 4000 N.
398 3945 431 4001 C.
447 3943 511 4001 dec.
527 3944 562 4003 3
574 3945 610 3999 Α.
622 3963 638 4016 7
652 3954 681 4000 et
693 3942 730 4014 8,
742 3942 806 4000 obs.
826 3939 891 4006 145.
