2580 4514
143 403 213 492 524
310 429 356 476 nr,
383 429 528 476 sumnus
553 430 596 475 ar
623 429 747 476 causis
774 421 987 493 nonnonuu

137 570 156 606 »
182 542 393 614 ureteribus
417 544 456 613 in
477 545 635 615 vesicam
657 540 814 614 fuerunt
836 530 985 631 delati,
1013 567 1118 614 omnes

140 690 157 723 »
183 659 346 731 simulet
367 661 480 732 semel
498 660 648 732 dolor-es
672 686 759 731 cum
785 661 948 759 reliquis
975 661 1121 760 gravibus

140 807 158 842 1>
184 775 448 849 afflictionibus
481 793 625 850 cessant
657 793 770 875 atque
805 780 1006 877 expirant,
1028 780 1122 849 ictcro

141 923 158 959 n
185 896 305 966 saltim
319 872 498 994 excepto,
514 896 579 993 qui
603 920 681 965 non
708 896 820 978 simul
840 896 908 967 sed
923 898 1056 969 sensim
1066 911 1123 967 tan·

140 1042 158 1077 ι)
184 1013 268 1084 dem
290 1015 521 1084 evanescit.»
544 1013 846 1084 Praecedentibus
863 1015 983 1110 igitur
1001 1013 1123 1085 indiciis

95 1163 98 1171 ·
141 1130 373 1202 calculorum
395 1132 461 1226 qui
489 1132 529 1199 in
555 1130 708 1204 hilarios
729 1129 868 1202 ductus
886 1132 1045 1219 intrusi,
1067 1130 1123 1200 exi·

140 1262 221 1318 tum
239 1247 310 1319 sibi
328 1249 367 1317 in
391 1247 608 1319 duodenum
627 1248 848 1318 intestinum
868 1249 1086 1336 moliantur,
1101 1248 1123 1318 si

140 1364 238 1435 inter
266 1365 338 1434 alvi
357 1378 609 1453 recrementa,
633 1389 715 1460 quae
734 1379 814 1434 tum
835 1362 1121 1466 diligenter‘sunt

140 1506 161 1551 a
178 1482 356 1553 ministris
374 1481 551 1569 eluenda,
572 1497 609 1552 et
627 1504 695 1580 per
713 1480 882 1553 cribrum
903 1481 1073 1581 aliquod,
1087 1480 1121 1552 si·

140 1600 473 1671 cutiVallisnerius
496 1598 695 1684 monebat,
717 1599 970 1695 trajicienda,
996 1600 1121 1691 hilarius

140 1715 275 1812 aliquis
290 1717 697 1804 calculusinveniatur;
713 1742 793 1787 non
803 1731 860 1788 est
869 1716 1032 1789 dubium
1051 1718 1119 1815 quin

140 1831 214 1902 hoc
244 1835 393 1930 signum
420 1859 501 1904 eam
523 1832 647 1947 lucem
672 1831 826 1921 aflerat,
858 1860 946 1931 quae
976 1861 1050 1907 non
1070 1833 1120 1904 nisi

139 1951 282 2021 incerta
310 1967 346 2023 et
370 1952 603 2024 subobscura
633 1977 654 2022 a
685 1968 741 2024 tot
770 1952 852 2023 aliis
878 1955 985 2026 notis
1009 1951 1121 2053 sperari

140 2083 297 2166 poterat.

187 2184 245 2273 45.
268 2186 339 2256 sed
366 2186 539 2258 cautione
566 2213 662 2285 opus
684 2202 739 2258 est
765 2188 981 2284 nequando
1007 2186 1120 2260 intesti·

139 2305 262 2376 nalem
274 2302 368 2376 forte
383 2306 569 2376 calculum
584 2331 654 2403 pro
664 2304 816 2392 hilario,
832 2309 913 2378 sive
925 2320 971 2379 ut
978 2302 1122 2379 vocabuli

46 2489 49 2495 .
138 2412 361 2521 ambiguitas
386 2424 509 2494 onmis
528 2422 590 2493 bic
610 2422 838 2508 declinetur,
856 2448 931 2520 pro
954 2424 1122 2524 hepatico,

138 2540 176 2610 id
197 2557 252 2612 est
270 2541 309 2609 in
325 2539 470 2638 hepatis
494 2539 704 2628 canalibus,
721 2555 784 2609 aut
803 2543 900 2637 cysti
918 2542 1009 2638 ejus,
1022 2542 1121 2642 genito

139 2658 375 2755 accipiamus.
388 2662 450 2728 Est
463 2657 632 2754 quaedam
645 2653 866 2727 Hoffmanni
876 2655 1122 2754 observatiob)

138 2776 270 2874 viginti
290 2775 457 2872 lapidum
474 2777 618 2846 vomitu
634 2775 860 2870 ejectorum,
875 2802 977 2874 quos
990 2780 1056 2851 etsi
1066 2799 1123 2848 non

138 2893 248 2991 plane
265 2892 486 2964 incredibile
502 2892 733 2963 existimabat
745 2914 790 2962 ex
803 2891 953 2967 bilariis
976 2894 1123 2969 ductibus

139 3013 380 3115 provenisse,
407 3007 630 3104 conjiciebat
650 3010 796 3099 tamen,
820 3015 859 3079 in
887 3017 1008 3110 ipsius
1025 3012 1123 3112 potius
1150 3110 1153 3117 Ι

139 3127 306 3197 duodeni
320 3131 482 3224 flexura
504 3153 529 3195 α
561 3128 633 3198 bile
655 3120 832 3197 crassiori
855 3145 895 3199 et
925 3129 1124 3203 terrestriori

138 3249 332 3341 successive
342 3269 589 3332 concrescere,
608 3250 1029 3342 etprogtgnipotuisse3
1042 3255 1123 3320 erant

139 3362 240 3449 enim
257 3361 430 3457 angulosi
448 3362 623 3458 quidem,
642 3377 679 3433 et
699 3362 827 3434 colore
847 3389 895 3436 ex
911 3364 1011 3438 flavo
1024 3359 1124 3442 viridi;

139 3478 203 3550 sed
235 3503 277 3548 ea
308 3478 567 3577 magnitudine
592 3493 634 3548 ut
658 3479 737 3550 sine
765 3485 913 3554 ventris
933 3485 973 3553 in
998 3483 1122 3554 dextera

137 3611 241 3692 parte
258 3595 505 3684 torminibuS,
523 3623 605 3694 quae
622 3596 727 3668 nulla
746 3615 1037 3695 praecesserant,
1048 3618 1122 3670 com·

141 3798 1118 3839 ---·——-—--——-—-·--—-⁴-......--·

175 3969 221 4047 (1)
242 3969 320 4027 nu.
339 3970 410 4027 ou.
429 3988 457 4024 2.
