2580 4514
232 366 305 452 684
392 387 611 435 passumus
636 389 680 434 rr
705 387 829 435 causis
854 387 1082 437 nonnosum

232 500 352 574 fendit
369 502 604 572 Camerarius
621 496 720 570 filius
734 505 743 587 (
756 501 807 594 r),
823 502 890 596 qui
909 501 1131 598 prudenter
1146 527 1237 600 para·

232 619 432 703 nemesim,
454 615 500 686 ab
522 616 596 687 alio
618 616 942 705 commendatam,
961 620 1165 691 instituere
1178 644 1236 689 no·

231 735 353 806 luerat
370 749 569 832 propterea
584 736 671 830 quia
692 734 917 831 inaequalem
936 736 1158 809 abdominis
1172 761 1238 805 mo·

233 848 324 937 lem,
355 866 392 920 et
415 849 597 921 diversum
621 849 849 922 diversorum
871 859 1081 948 regionum
1098 859 1239 924 renisum

232 966 555 1038 animadverterat.
580 966 680 1057 Quid
702 969 802 1036 enim
834 968 874 1036 in
900 967 979 1040 hoc
1016 993 1110 1041 casu
1130 970 1239 1040 autin

232 1081 296 1152 illo
312 1085 422 1156 etiam
440 1107 554 1179 quem
570 1081 807 1180 Gahrliepius
823 1081 878 1178 (a)
896 1083 1178 1183 descripserat,
1191 1108 1239 1182 pa·

231 1201 434 1281 racentesis
460 1197 581 1271 facere
615 1199 821 1296 potuisset?
850 1203 1017 1272 Materia
1055 1205 1160 1275 enim
1179 1204 1239 1274 sive

232 1316 408 1416 glutinis,
429 1319 505 1388 sive
525 1318 723 1415 spermatis
740 1342 918 1389 ranarum
933 1320 1077 1393 similis
1096 1345 1164 1421 per
1180 1343 1238 1392 an·

232 1434 335 1532 plius
345 1433 531 1516 inflictum
541 1433 699 1522 vulnus,
713 1460 792 1506 non
806 1435 924 1508 modo
939 1461 1015 1535 per
1026 1452 1239 1511 consuetum

194 1615 197 1622 .
231 1551 420 1638 foramen,
439 1551 541 1624 haud
557 1549 695 1640 effluit3
713 1567 749 1623 et
766 1555 796 1623 si
813 1554 954 1640 tenuis,
976 1555 1065 1627 imo
1083 1555 1239 1629 tenuissi-

231 1694 293 1741 ma
311 1671 422 1741 etiarn
440 1670 505 1754 sit,
532 1668 597 1739 ubi
616 1669 766 1757 multis,
790 1685 833 1740 ut
852 1672 891 1740 in
909 1686 1084 1770 utraque
1106 1673 1167 1744 illa
1186 1670 1239 1742 oh·

233 1787 471 1874 servatione,
499 1788 718 1884 interceptis
749 1786 1009 1877 discluditur,
1042 1790 1189 1861 tametsi
1205 1812 1238 1858 er

231 1928 307 1975 una
328 1927 442 2000 quam
459 1901 728 2001 perforamus,
750 1928 861 1976 cavea
877 1920 1012 1995 exeat,
1032 1931 1117 1978 uon
1138 1929 1238 2005 prop·

232 2037 332 2094 terea
350 2047 394 2094 ex
410 2021 568 2118 reliquis
584 2022 730 2119 prodit,
746 2021 912 2119 ideoque
930 2022 997 2096 hic
1026 2025 1176 2098 accidat
1191 2048 1239 2094 ne·

231 2163 332 2211 cesse
352 2155 429 2226 est,
447 2138 552 2236 quod
571 2139 609 2208 in
629 2133 743 2213 ascite
765 2141 990 2239 contingere
1012 2140 1180 2219 diximus
1194 2139 1237 2237 (3)

153 2309 158 2328 .
232 2257 386 2355 quando
406 2261 436 2328 is
456 2282 499 2328 ex
520 2256 764 2354 hydatidihus
781 2255 844 2347 fit,
861 2258 977 2331 etiam
998 2262 1186 2332 connexis
1197 2263 1238 2329 in·

229 2390 288 2447 ter
302 2401 350 2447 se.
367 2377 486 2465 Quem
500 2400 625 2446 casum
641 2401 728 2446 cum
739 2377 838 2448 inter
850 2377 954 2447 varia
965 2380 1105 2452 ascitis
1120 2399 1238 2478 genera

230 2492 378 2565 videam
398 2490 546 2580 referri,
567 2493 674 2564 nolui
688 2507 878 2564 saccatum
892 2492 1031 2584 hunc,
1054 2513 1100 2569 ut
1126 2496 1237 2568 obser-

231 2626 380 2683 vatores
397 2610 655 2710 appellarunt,
673 2611 884 2709 hydropem
898 2610 977 2684 hoc
993 2613 1089 2685 loco
1106 2629 1237 2712 prater·

231 2729 390 2819 mittere.
412 2731 506 2798 Nam
526 2729 594 2800 etsi
610 2729 785 2815 materia,
808 2742 845 2799 et
863 2729 1101 2830 interceptis
1118 2733 1237 2805 discre-

230 2863 293 2944 pat
312 2845 359 2920 ab
381 2845 552 2943 hydrope
571 2845 821 2943 frequentiori
840 2848 1069 2944 peritonaei,
1086 2848 1176 2924 huic
1200 2865 1238 2920 ta·

231 2989 318 3036 men
344 2964 579 3036 innascitur:
608 2987 678 3039 nec
698 2962 802 3060 quod
823 2965 947 3035 rarior
969 2968 1039 3055 sit,
1061 2969 1237 3041 idcircor

232 3081 344 3152 nobis
362 3081 507 3164 omitti,
529 3083 607 3150 imo
635 3080 696 3151 vel
723 3096 928 3178 propterea
955 3085 1235 3167 commemorari

232 3198 385 3286 debuit,
402 3223 451 3270 ue
472 3197 658 3294 siquando
678 3195 774 3269 forte
792 3215 995 3288 occurrat,
1023 3219 1170 3277 temere
1186 3205 1235 3273 ite

231 3341 317 3387 rum
339 3340 424 3385 curn
445 3315 578 3402 ascite,
599 3331 663 3386 aut
681 3339 769 3402 cum
789 3315 909 3387 altero
932 3321 1063 3418 magis
1080 3339 1171 3395 noto
1187 3344 1234 3420 pe·

229 3432 374 3504 ritonaei
388 3430 559 3527 hydrope
574 3427 840 3503 confundatur.

230 3613 1234 3640 *W

272 3728 314 3810 (ι)
335 3733 401 3787 Act.
414 3732 452 3786 N.
469 3732 502 3786 C.
514 3741 584 3785 tom.
602 3750 628 3802 1,
646 3730 711 3788 obs.
729 3727 794 3788 160.

215 3817 219 3831 ,
272 3829 315 3907 (a)
338 3831 397 3886 cit.
410 3830 448 3885 ad
462 3849 491 3885 n.
509 3828 556 3886 50.

273 3929 316 4006 (3)
336 3933 374 3986 N.
398 3927 444 3994 45.
