2580 4514
136 354 206 444 284
299 380 346 427 nn
372 378 517 425 seorsus
541 380 586 425 nr
611 376 735 424 causis
760 362 972 425 nonnonun

137 493 346 591 appendice
361 492 605 563 vehementer
623 506 807 580 tractum,
827 490 918 563 hin'c
939 490 1101 563 inflamm-
1160 526 1167 569 a

138 613 241 683 tione
273 626 458 682 tentatum
492 624 529 681 et
563 609 806 706 depressum,
840 608 1104 707 convulsumque
1162 624 1165 631 '

138 725 260 801 fuisse.
278 730 478 800 Historiam
493 727 592 800 hanc
605 726 813 825 conjungas
828 726 944 797 velim
962 748 1111 827 cumpm

139 849 260 945 posita
282 847 398 942 bajuli
420 846 594 935 historia;
613 846 849 943 conjecturas
862 861 1013 935 autem,
1028 824 1114 919 adri:

139 967 224 1037 tatis
237 967 275 1034 in
293 964 519 1037 dissectione
535 964 731 1053 subnixas,
751 963 799 1035 ad
813 987 856 1034 ea
868 964 1123 1063 adjungasqua'

140 1082 186 1154 de
207 1085 328 1156 causis
347 1082 581 1181 suspicabar,
608 1108 678 1154 cur
703 1082 897 1153 Littrianae-
917 1078 1119 1179 ejuscemodi

31 1200 36 1209 '
138 1200 357 1272 hermarum
379 1201 550 1300 diagnosi
576 1224 637 1272 res
662 1198 868 1298 aliquando
888 1224 973 1270 non
992 1224 1121 1299 respon·

139 1318 233 1391 deat.
255 1319 366 1409 Quod
386 1320 415 1391 si
436 1344 516 1389 non
541 1317 730 1417 appendix
756 1317 905 1405 solum,
929 1316 998 1389 sed
1025 1318 1122 1417 ipsun

138 1462 293 1534 quoque
308 1438 423 1509 ileum
439 1439 537 1508 intra
552 1436 725 1509 herniam
742 1436 1030 1533 intercipiatur,
1046 1434 1123 1507 etin·

137 1554 391 1627 flammatione
410 1580 685 1655 gangraenaque
703 1554 879 1642 vitietur,
898 1554 1002 1625 utin
1021 1552 1125 1649 narii

139 1674 401 1744 observatione
431 1674 503 1769 (1),
533 1670 773 1745 manifestum
805 1686 863 1743 est
896 1672 1029 1745 alvum
1059 1688 1125 1743 tunc

141 1791 326 1888 supprimi
346 1807 383 1861 et
406 1806 535 1862 caetera
559 1788 641 1862 fieri
669 1816 751 1888 quae
777 1791 818 1860 in
841 1790 1063 1865 istiusmodi
1082 1788 1125 1859 ilei

139 1904 401 1979 affectionibus
424 1908 594 1981 accidere
621 1908 772 1980 solent:
798 1908 945 1999 solent,
973 1909 1125 2006 inquam

139 2049 227 2094 nam
248 2026 316 2097 etsi
335 2025 525 2123 plerisque
542 2024 622 2096 haec
644 2026 892 2123 contingunt,
915 2041 1010 2097 sunt
1027 2024 1128 2119 tamt}

140 2140 281 2238 quibus
300 2167 371 2215 nec
397 2143 500 2215 alvus
523 2143 677 2240 quidem
698 2167 855 2241 prorsus
880 2142 1129 2243 adstringitur,¹

139 2259 281 2330 nedum
296 2276 643 2348 recrementum,
659 2276 723 2332 aut
744 2260 804 2333 his
822 2260 1008 2332 similium
1033 2259 1128 2333 voni·

139 2391 200 2448 tus
218 2403 297 2447 non
314 2376 432 2467 fiunt,
448 2394 594 2477 utputa
608 2379 653 2450 iis
669 2403 767 2476 quos
785 2377 830 2448 cl.
841 2379 915 2449 viri
932 2376 1139 2477 Wolfius(r)'

140 2508 177 2565 et
195 2494 455 2568 Cohauscnius
478 2496 533 2593 (3)
553 2497 806 2594 descripsere,
828 2510 872 2567 ut
886 2498 1022 2571 minus
1041 2520 1130 2597 opor·

139 2626 214 2684 teat
227 2614 355 2684 mirari
370 2614 476 2711 quod
487 2639 566 2685 non
579 2614 687 2686 aliter
701 2614 880 2686 acciderit
891 2614 967 2688 illis
986 2636 1130 2713 quorum
1158 2674 1161 2679 .

140 2731 298 2803 morbus
315 2731 542 2802 etdissectio
560 2756 581 2802 a
596 2733 640 2803 cl.
656 2731 830 2802 Storchio
840 2730 899 2829 (4)
911 2747 951 2803 et
961 2726 1130 2831 Baje1n(5)

138 2850 336 2945 proposita
366 2862 476 2937 sunt,
505 2873 591 2918 cum
620 2850 659 2918 in
681 2847 815 2920 hernia
841 2864 940 2923 esset
971 2876 1061 2949 pars
1079 2846 1131 2921 coli

138 2967 365 3065 intercepta,
382 2991 462 3037 non
482 2965 560 3055 ilei,
572 2966 675 3063 quod
689 2982 817 3039 tamen
834 2982 915 3040 erat
925 2982 1053 3043 totum
1064 2988 1130 3041 cun

137 3096 274 3182 magno
288 3084 408 3181 jejuni
429 3100 550 3156 tractu
570 3085 610 3155 in
631 3087 750 3159 altero
782 3111 825 3157 ea
849 3084 1130 3159 inflammatione

138 3199 332 3289 affectum,
353 3230 427 3300 qua
445 3203 557 3274 colon
575 3203 735 3275 carebat.

391 3400 1118 3424 ——---7-——-—-———--—-=-

1034 3598 1074 3645 Γῇ..

245 3830 312 3884 Act.
327 3830 377 3885 cit.
392 3841 463 3886 tom.
478 3849 507 3901 7,
526 3830 589 3887 obs.
607 3849 673 3886 101.

195 3925 226 4003 5)
247 3930 411 3988 Commerc.
422 3930 516 3987 litter.
530 3949 580 3989 an.
599 3928 689 4003 1745,
705 3926 795 3988 hebd.
811 3936 866 4001 40,
880 3948 912 3985 n.
927 3948 957 3986 a.
