2580 4514
141 345 211 417 318
305 368 351 412 nn
377 366 522 413 sumnus
547 368 591 413 un
616 366 740 415 csusis
758 349 979 417 'nonnosum

141 497 213 567 est,
231 495 273 550 ut
291 479 336 551 de
351 503 396 549 eo
411 479 504 549 mihi
524 504 601 549 non
629 495 757 575 putem
774 505 854 552 esse
874 484 1110 579 quaerendum,
1139 482 1163 547 ’ἑ

140 616 182 670 ut
196 623 321 695 neque
337 622 429 666 num
446 602 570 669 treniae
590 596 777 668 ascarides
793 602 893 687 suit,
911 626 1000 698 qaae
1013 628 1049 673 se
1062 630 1110 675 m·

143 734 205 790 tao
237 723 439 803 retineant,
464 715 668 811 praesertim
699 739 785 785 cum
821 716 957 813 quiid
992 717 1111 807 docent,

140 833 327 904 ascarides
353 838 391 901 in
416 832 498 903 solo
525 857 602 902 esse
625 846 720 902 recte
739 837 915 904 intestino
938 833 1112 925 fateantur,

140 953 305 1048 itemque
328 975 419 1020 num
440 948 623 1021 ascarides
639 974 783 1020 uermes
800 958 876 1021 sint
892 961 1057 1052 carparis
1069 956 1112 1026 ln·

140 1075 244 1140 maai
255 1075 364 1165 quasi
372 1073 546 1166 proprii3
564 1066 654 1138 alias
674 1074 858 1140 vermium
874 1078 1018 1168 species
1033 1078 1113 1143 rasin
1145 1066 1163 1133 i

141 1214 197 1259 res
211 1193 307 1274 sint,
327 1186 474 1281 aliaque
495 1183 633 1255 dehoc
654 1209 810 1282 genere,
836 1211 923 1283 quoe
951 1190 1072 1279 aliter,
1090 1205 1113 1260 u

140 1320 232 1404 puto
248 1360 257 1393 ‚
274 1304 403 1375 deceat
421 1288 679 1400 interpretari,
697 1317 735 1373 at
755 1328 837 1399 quae
854 1329 876 1374 a
896 1307 1026 1404 primo
1039 1308 1113 1407 sigui·

139 1424 251 1496 licere
265 1422 450 1493 videntur.
479 1424 588 1491 Certe
607 1418 853 1492 Vallisnerius
874 1421 1029 1519 (1)non
1049 1448 1115 1497 nm·

140 1542 264 1628 rides,
285 1540 350 1611 sed
376 1539 622 1609 cucurbitinos
646 1561 849 1633 quoscum
867 1539 956 1613 aliis
977 1542 1116 1627 vocabu,
1155 1560 1163 1581 ⁴

140 1683 286 1730 vermes
303 1682 341 1727 se
358 1681 395 1728 se
406 1671 540 1727 mutuo
555 1655 736 1743 retinere,
750 1669 787 1726 et
803 1658 1021 1731 sictaeniam
1034 1659 1117 1732 nan
1153 1677 1163 1693 ¹

141 1801 219 1873 non
240 1772 456 1861 dubitabat,
480 1796 571 1845 usus
593 1773 853 1844 intercutem
879 1777 1118 1860 similitudine,

139 1919 217 1990 qua
237 1892 283 1963 ad
301 1893 410 1965 aliam
427 1913 506 1963 rem
528 1889 588 1962 vel
615 1894 820 1961 Homerum
848 1891 907 1990 (α)
933 1894 1028 1965 olim
1042 1916 1118 1967 utun

142 2036 221 2082 esse
252 2010 386 2096 video,
413 2008 724 2106 vespertilionum
749 2010 816 2104 qui
842 2010 883 2079 in
904 2015 1011 2083 antri
1030 2009 1121 2109 magui
1160 2032 1163 2037 ·

140 2153 290 2201 recessu
305 2127 513 2224 pendentes
535 2152 555 2197 a
576 2140 702 2223 petru,
718 2141 853 2197 mutuo
868 2142 1062 2201 tenentum
1075 2124 1121 2200 su

140 2272 222 2318 eam
236 2271 350 2343 quum
363 2244 609 2317 Vallisnerius
624 2243 800 2315 tuebatur
818 2249 1121 2345 sententiam‚egt

140 2387 396 2461 saepenumero
414 2387 496 2435 snm
516 2361 671 2433 miratus
687 2363 726 2433 in
746 2376 926 2435 totame
956 2364 1123 2465 diligente
1162 2388 1163 2395 ¹

140 2482 316 2580 inspectis
328 2481 622 2576 examinatisque
636 2494 717 2550 tum
731 2479 1033 2578 quadrupedum
1046 2538 1056 2572 ‚
1069 2497 1123 2554 tun

137 2601 318 2698 piscium,
348 2614 430 2671 tum
461 2599 584 2668 avium
616 2623 770 2696 quoque
788 2599 911 2672 taeniis
933 2598 1124 2673 confirmari

138 2745 217 2791 non
242 2719 432 2816 potuisse;
460 2715 565 2814 quod
593 2711 699 2788 facile
725 2718 929 2815 agnomen,
956 2723 989 2792 si
1012 2732 1124 2792 attenti

138 2837 271 2934 legeris
287 2821 676 2929 observationesquas
693 2835 950 2934 ipseepistola
971 2835 1125 2910 anatomi-

138 2981 181 3026 ea
199 2958 283 3025 XIV
301 2953 355 3048 (3)
372 2952 536 3048 vulgavi,
563 2953 640 3022 imo
664 2951 764 3022 illam
785 2954 899 3025 etiam
928 2980 1046 3053 quam
1061 2975 1124 3025 eun

137 3095 220 3143 mea
235 3069 281 3142 ad
299 3095 337 3142 se
359 3071 496 3167 scripta
519 3070 678 3167 epistula
705 3069 823 3143 edidit
849 3070 946 3143 olim
971 3073 1124 3145 Vallisne

137 3191 214 3261 rius
243 3187 301 3284 (Δ)
322 3214 328 3255 :
348 3187 487 3283 quibus
507 3213 551 3259 ex
576 3186 905 3261 observationibus
924 3194 1054 3289 potius
1069 3185 1125 3260 col

137 3308 201 3404 ligi
232 3306 300 3376 tibi
326 3305 535 3392 videbitur,
554 3329 615 3376 ens
640 3306 804 3402 singulas
822 3308 954 3381 taenias
981 3306 1123 3408 singulos

137 3422 348 3521 praelongos
360 3446 528 3510 vermes,
545 3447 658 3518 quam
673 3423 841 3520 plurium
853 3418 1009 3501 catenas
1021 3424 1121 3499 tuisse.

240 3766 347 3841 Odyss.
362 3766 381 3818 l.
402 3769 438 3829 αἱ,
452 3764 507 3818 sub
520 3762 648 3819 initium.

239 3864 277 3917 N.
292 3868 326 3931 47
345 3879 411 3934 usq.
426 3861 464 3915 ad
478 3858 526 3915 55.
