2580 4514
139 364 210 447 230
298 380 345 435 nt
370 384 584 433 snnrsusnr
609 383 732 433 causis
756 368 982 441 nonnouofi·

139 502 366 600 ingeniosus.
376 498 590 597 Accipiebat
601 497 663 569 hic
684 496 770 597 galli
786 499 907 570 ludici
920 499 1125 599 ingluuiem⁷

139 620 297 717 ejusque
310 616 495 689 orificium
505 632 606 722 arcte
617 617 663 688 ad
674 631 884 689 extremum
893 616 1128 690 alterumhre

138 739 194 811 vis
211 737 410 834 tenuisque
427 736 596 834 argentei
614 733 737 808 tubuli
756 734 1061 834 circumligabat3
1076 757 1135 833 per
1176 716 1179 725 ¹

138 855 297 927 alterum
314 869 438 925 autem
462 869 691 941 extremum,
706 852 908 941 bacillum,
928 853 971 924 in
996 878 1136 927 summo

141 971 317 1044 obtusum
329 1026 338 1056 ,
351 970 579 1042 immittebat
589 971 637 1042 ad
654 968 815 1043 fundum
828 995 948 1069 nsque
967 971 1138 1071 ingluviei

140 1090 258 1178 illius,
287 1090 415 1187 sicque
440 1088 537 1160 hanc
558 1090 744 1187 primum,
769 1105 848 1160 tum
867 1088 1008 1162 deinde
1025 1089 1136 1162 tubuli

135 1209 273 1304 justam
291 1221 458 1305 partem,
478 1205 799 1304 adstringentibus
812 1206 995 1281 remediis
1005 1208 1138 1294 illitam,
1177 1256 1179 1271 .

137 1327 178 1403 in
202 1326 375 1424 podicem
398 1323 624 1412 inducebat3
653 1340 798 1421 partem
824 1325 1014 1422 reliquam
1045 1341 1133 1398 extu

139 1443 310 1515 servabat
322 1445 372 1514 ita
387 1440 544 1532 factam,
559 1458 600 1515 ut
618 1467 705 1514 cum
720 1442 899 1514 bacillum
918 1443 1135 1530 detraxisset,

139 1560 331 1657 hujusque
355 1561 440 1632 loco
461 1576 667 1633 extremam
687 1558 850 1633 fistulam
869 1585 1074 1658 parvorum
1091 1556 1134 1630 lo·

138 1676 230 1749 lium
249 1678 287 1749 in
305 1678 476 1752 eamdem
490 1678 614 1751 tubuli
629 1694 774 1776 partem
790 1680 1027 1769 inseruisset,
1039 1694 1134 1774 atque

139 1796 236 1867 aeris
255 1810 402 1868 tantum
421 1786 631 1869 intrusisset
655 1811 840 1894 quantum
865 1796 1068 1895 implendae
1087 1797 1134 1865 in-

140 1913 279 2010 gluviei
302 1915 390 1986 satis
415 1929 528 2004 esset,
556 1913 679 1987 redire
708 1939 772 1986 aer
799 1915 1022 2013 priusquam
1053 1937 1155 2015 aeger·

141 2031 273 2121 vellet,
290 2058 368 2103 non
387 2048 534 2131 posset;
552 2035 677 2130 itaque
688 2047 857 2104 retentus
871 2047 999 2130 partes
1010 2033 1137 2104 relaxa·

141 2163 196 2223 tas
213 2147 382 2238 fulciret,
402 2147 660 2248 efficeretque,
689 2133 850 2222 subinde
875 2173 919 2220 ac
948 2150 1015 2220 diu
1042 2173 1137 2247 repe-

140 2268 210 2338 tito
240 2293 329 2356 usu,
359 2283 401 2338 ut
432 2294 481 2339 eae
507 2270 710 2367 pristinum
742 2269 855 2338 situm
879 2267 1137 2364 vigoremque,

142 2385 269 2482 quoad
286 2389 366 2483 ejus
388 2385 471 2457 fieri
495 2403 643 2486 posset,
664 2399 946 2484 recuperarent.
977 2384 1050 2456 Sed
1074 2387 1138 2455 ins·

140 2505 324 2599 trumenti
340 2504 454 2601 hujus
468 2520 677 2576 accuratam
692 2504 987 2600 descriptionem
1003 2502 1139 2575 audeli-

137 2623 376 2712 neationem,
396 2620 648 2719 firmandique
663 2621 818 2693 modum
837 2620 937 2718 apud
955 2635 1140 2693 auctorem

140 2739 266 2812 videre
282 2756 441 2839 praestat.
457 2741 640 2836 Equidem
664 2739 833 2810 Dionisio
850 2741 904 2835 (1)
923 2736 1032 2810 facile
1048 2740 1087 2809 in
1103 2762 1141 2809 eo

140 2858 465 2956 assentiorsquod
494 2884 618 2955 neque
646 2856 894 2928 incommodo
924 2872 1053 2928 careat
1072 2859 1140 2927 ins-

138 2988 371 3047 trumentum
392 2976 483 3063 hoc‚
501 3001 627 3073 neque
652 3000 762 3048 usum
786 2988 936 3072 praestet
957 2972 1141 3046 retinendi

137 3092 176 3161 in
197 3116 264 3162 sua
278 3093 365 3165 sede
387 3095 608 3165 intestinum
624 3120 669 3165 eo
685 3109 857 3191 tempore
880 3115 960 3188 quo
987 3094 1141 3163 maxime

136 3232 233 3305 opus
255 3229 372 3297 esset,
392 3211 499 3282 idest
520 3237 605 3282 cum
625 3213 729 3283 alvus
756 3226 1141 3308 exoneratur,.quan·

136 3325 343 3424 doquidem
366 3330 478 3400 eximi
505 3346 593 3401 tunc
624 3330 755 3416 debet,
783 3343 820 3401 et
845 3350 954 3415 mox,
980 3331 1140 3426 reposito

136 3444 343 3532 intestino,
369 3449 513 3544 reponi.
529 3447 641 3517 ¹lllud
675 3463 801 3518 tamen
825 3470 924 3542 nego
952 3446 1141 3531 eamdent,

137 3576 179 3631 ut
196 3563 276 3659 ipse
299 3564 371 3652 ait,
402 3581 576 3662 praestare
600 3563 777 3637 effectum
805 3588 918 3663 quem
943 3559 1084 3653 fasciae,
1109 3575 1140 3632 et

172 3935 215 4014 (1)
236 3939 405 3996 Demonstr.
420 3943 511 4014 paulo
524 3962 611 4016 supra
630 3943 720 3999 indic.
817 3989 824 3998 .
