2654 4508
77 418 80 424 ·
163 396 227 475 ¹42
324 410 371 469 nr,
398 410 544 456 sumnus
571 408 763 465 uncinus
790 410 998 458 nonnosum

155 526 325 622 proxima
342 539 466 595 aestate
485 546 595 594 usum
617 545 695 595 esse
713 546 773 593 me
789 523 836 594 ad
851 527 1166 625 temperandage·

155 666 291 713 nerosa
315 641 376 711 illa
400 643 503 728 vina,
526 664 691 736 quorum
716 639 895 711 duntaxat
923 645 1031 741 copia
1051 632 1164 720 estin

155 784 238 830 mea
262 759 380 855 patria
403 782 448 828 eo
468 771 661 854 tempore,
678 758 813 852 majori
839 783 953 854 quam
976 784 1046 857 pro
1074 784 1164 831 con·

157 874 375 961 suetudine,
402 898 506 971 aquae
540 875 740 971 portione,
770 876 878 970 cujus
905 900 991 972 pars
1019 878 1144 975 aliqua
1154 894 1182 966 ,‘''

157 994 225 1064 etsi
243 1017 327 1063 cum
342 1017 387 1062 eo
408 990 512 1062 ssuxu
532 1006 730 1088 correptus
747 1016 849 1074 sum,
866 994 1015 1090 egregie
1037 995 1162 1067 valere

156 1109 250 1179 mihi
261 1126 296 1180 et
308 1107 567 1195 aliisvidebar,
583 1106 738 1180 fortasse
751 1109 943 1204 aliquanto
954 1111 1161 1208 plusquam

156 1252 252 1324 opus
272 1244 386 1313 esset,
405 1227 444 1295 in
471 1226 565 1296 meis
586 1225 791 1297 substitisse
812 1225 1038 1299 humoribus
1056 1242 1161 1326 pote-

155 1360 223 1415 rat.
244 1343 389 1415 Deinde
416 1344 462 1412 iis
486 1344 553 1439 qui
579 1359 665 1413 ante
689 1342 849 1414 biduum
873 1360 1159 1441 precesserunt,

155 1460 275 1532 tribus
288 1460 441 1547 diebuS,
461 1484 583 1556 eoque
594 1461 678 1556 ipso
691 1485 770 1556 quo
782 1458 904 1531 fluxus
919 1462 1044 1557 coepit,
1058 1482 1170 1560 mag·-

154 1603 225 1650 nos
241 1575 353 1650 fuisse
370 1576 510 1647 imbres
529 1590 565 1646 et
586 1601 705 1674 prope
725 1577 912 1664 assiduos,
932 1587 973 1648 ut
996 1576 1157 1650 multum

155 1722 259 1793 aquae
275 1722 319 1766 ex
337 1695 464 1792 pluvio
489 1718 573 1764 uere
595 1691 811 1763 combibere
836 1694 1158 1792 pulmonibus,·et

156 1828 236 1884 toto
257 1836 418 1909 corpore
435 1810 634 1906 potuerim.
652 1811 825 1906 Denique
842 1810 882 1881 id
897 1810 990 1882 mibi
1005 1812 1158 1885 accidis-

156 1956 193 2003 se
205 1933 358 2001 ineunte
375 1927 539 2015 octobri,
559 1926 683 1997 vidisti
699 1944 844 2016 autem,
863 1953 1002 2026 aquosa
1014 1929 1157 2026 proflua

155 2050 232 2136 via,
253 2071 272 2116 a
292 2045 448 2115 Willisio
479 2044 664 2142 descripta
683 2043 701 2142 (
720 2045 784 2140 1),
814 2062 849 2117 et
869 2046 995 2117 videre
1014 2049 1156 2144 poteris

154 2164 292 2263 quoda
311 2163 460 2234 Poterio
476 2161 703 2259 descriptum
721 2163 883 2233 indicavi
896 2163 950 2260 (α)
971 2181 1155 2237 autumno

156 2282 373 2376 contigisse,
402 2295 438 2350 et
466 2303 585 2376 prope
615 2278 714 2350 idem
745 2282 835 2350 anni
867 2295 1034 2377 tempus,
1062 2282 1156 2353 illud

155 2402 264 2472 ctiam
281 2396 416 2494 quoda
434 2397 614 2467 Marcello
641 2401 788 2467 Donato
806 2395 878 2492 (3),
898 2422 968 2468 nec
990 2398 1064 2469 alio
1085 2403 1154 2470 trin

154 2497 274 2617 prima
290 2540 402 2612 quaea
414 2517 549 2586 Pisone
560 2513 614 2611 (4)
626 2528 894 2585 memorantur.
910 2515 1057 2614 Scilicet
1070 2537 1155 2588 cum

152 2631 365 2730 refrigerari
381 2658 445 2703 aer
461 2633 614 2729 incipit,
632 2632 664 2703 is
686 2654 829 2729 aqueus
851 2632 990 2723 humor
1003 2635 1071 2729 qui
1088 2658 1155 2731 per

154 2753 297 2824 aestivos
322 2751 500 2822 calorese
524 2749 747 2847 corporibus
773 2772 858 2820 cum
885 2774 953 2847 per
976 2752 1153 2839 sudoreS,

154 2887 233 2940 tum
253 2892 322 2967 per
342 2869 627 2965 inconspicuam
655 2868 965 2964 perspicationem
990 2868 1152 2940 ubertim

154 2985 350 3069 manabat,
369 2987 552 3055 retinetur
565 2985 660 3080 jam,
683 2984 784 3055 etad
803 3010 886 3054 eum
906 2984 1154 3084 additurque

69 3092 72 3101 ⁴
153 3104 263 3175 certis
279 3100 324 3171 de
341 3104 460 3173 causis
477 3117 664 3172 certorum
680 3100 878 3171 hominum
893 3126 1053 3201 corpora
1063 3119 1154 3176 tuno

152 3221 270 3317 magis
286 3219 500 3306 abundant,
520 3234 561 3292 ut
581 3220 734 3289 minime
759 3220 972 3289 mirandum
995 3222 1061 3309 sit,
1086 3221 1153 3293 ubi

152 3337 303 3408 accedat
333 3338 597 3409 intestinorum
625 3337 922 3427 irritamentum,
951 3355 993 3408 ut
1023 3339 1063 3408 in
1091 3358 1152 3408 me
