2580 4514
133 324 202 411 432
291 344 337 391 nn
364 342 515 390 sumnus
542 343 586 388 rr
611 342 737 391 causis
763 304 982 393 nonnosum

131 461 236 531 mine
253 457 361 552 cujus
379 455 498 555 hepar
516 457 556 525 in
578 453 683 527 faciei
707 479 804 528 cavae
828 472 965 529 centro
982 457 1123 559 lapidem

133 575 266 646 habuit
301 569 420 643 forma
456 587 492 644 et
527 573 786 671 magnitudine
821 576 885 645 ovi
915 574 1126 663 columbini,

135 689 458 791 quemadmodum
474 705 560 759 ante
575 689 713 760 multos
728 715 850 762 annos
861 692 1012 764 amicus
1026 691 1070 764 ad
1082 716 1126 767 ue

135 810 369 881 anatomicus
382 808 446 905 qui
462 805 621 878 cadaver
634 802 878 897 disseduerat,
893 810 1055 908 scripsit.
1074 812 1125 881 bli-

134 930 236 998 nime
254 941 378 997 autem
397 926 515 994 miror
534 923 637 1022 quod
655 925 686 996 is
706 925 862 998 morbus
876 951 961 998 non
979 923 1125 999 fueritin

135 1043 357 1116 mulieribus
372 1042 512 1129 tribua,
540 1048 623 1138 quae
652 1043 719 1113 etsi
740 1042 860 1113 multo
886 1045 1072 1141 majorem
1088 1043 1125 1114 la·

136 1162 287 1262 pidem,
314 1174 378 1232 aut
409 1159 537 1256 plures
569 1159 833 1255 gravioresque
862 1160 968 1232 intra
1002 1160 1126 1261 hepatis

137 1279 396 1351 membranam
414 1274 627 1364 habebant,
645 1275 699 1347 ibi
719 1291 847 1347 tamen
861 1275 1075 1366 habebant,
1096 1290 1127 1349 ut

136 1400 263 1499 potins
276 1411 379 1467 extra
394 1393 432 1464 id
444 1394 565 1464 viscus
576 1419 688 1491 quam
702 1394 741 1463 in
752 1418 797 1464 eo
810 1417 893 1467 esse
904 1394 1125 1483 viderentur

138 1542 221 1617 quae
240 1538 348 1586 eausa
364 1507 434 1583 fuit
457 1534 526 1580 cnr
542 1535 655 1608 supra
674 1535 752 1580 non
771 1515 1075 1585 memoraverim.
1091 1518 1127 1585 u

140 1635 241 1705 enim
270 1629 505 1717 membrana,
528 1629 675 1700 incluso
700 1628 870 1725 pondere
905 1630 1081 1705 distracta
1102 1646 1128 1704 et

140 1753 317 1823 deorsum
337 1763 506 1832 extensa,
533 1747 723 1818 sacculum
743 1748 782 1816 in
801 1745 959 1822 duabus
975 1734 1129 1823 effecerat

140 1869 256 1967 palmi
271 1864 526 1962 longitudine3
541 1889 628 1956 nam
643 1864 682 1934 in
697 1864 805 1935 tertia
820 1889 903 1936 non
916 1869 993 1939 nisi
1006 1867 1128 1966 pendu-

139 1988 198 2057 lus
211 1984 385 2058 deorsum
407 1980 814 2079 folliculusdescriptus
835 1997 902 2055 est.
926 1985 1129 2059 Observatio

141 2104 219 2174 haec
231 2102 362 2173 ultima
380 2115 435 2170 est
451 2098 708 2196 Benivenii(1)
721 2100 880 2173 omnino
892 2102 991 2193 alia,
1007 2120 1049 2178 ut
1061 2130 1129 2177 eon·

141 2219 297 2294 ferendo
317 2218 518 2315 intelliges,
533 2240 575 2287 ac
597 2216 781 2306 secunda,
799 2242 883 2314 quae
896 2244 947 2291 ex
958 2223 1070 2295 tertio
1084 2246 1128 2295 ca·

140 2328 218 2439 pite
228 2339 308 2434 ejus
322 2335 410 2407 libri
420 2337 461 2406 in
476 2334 722 2432 Sepulchreto
735 2334 789 2431 (a)
803 2342 1051 2437 proponitur.
1060 2341 1129 2439 Ejus

139 2472 264 2530 autem
279 2454 429 2542 similis,
454 2454 527 2524 nisi
547 2454 651 2551 quod
672 2455 711 2524 in
730 2455 881 2526 sacculo
902 2482 989 2530 non
1005 2460 1129 2559 plures,

140 2575 204 2649 sed
222 2598 380 2671 magnus
399 2596 498 2643 unus
518 2571 684 2651 calculus
704 2596 789 2642 cum
813 2575 940 2647 multo
957 2577 1129 2676 glutinosa

139 2694 300 2765 humore
314 2691 515 2762 conclusus
526 2705 619 2778 erat,
632 2716 703 2762 nec
718 2690 855 2763 mulier
868 2718 1063 2792 unquam,
1073 2694 1129 2767 nisi

140 2816 186 2887 de
206 2815 328 2886 calore
343 2812 488 2909 hepatis
508 2827 714 2908 conquesta
732 2828 808 2902 est3
826 2813 1048 2891 observatio
1063 2816 1130 2893 sub

136 2933 265 3030 jicitur
281 2929 432 3027 Georgii
458 2928 627 2999 Greiselii
644 2930 712 3026 (3).
730 2933 906 3021 Quorum
928 2960 1004 3035 ego
1029 2958 1129 3009 exem·

140 3053 292 3151 plorum
310 3073 473 3134 memor,
496 3072 582 3118 cum
600 3048 963 3143 animadverterem,
981 3054 1130 3154 pendere

140 3170 254 3266 igitur
267 3164 361 3236 infra
371 3166 479 3260 jecur
493 3188 601 3263 posse
622 3181 756 3262 praeter
773 3170 929 3264 cystim,
948 3172 1067 3270 ipsam
1078 3168 1128 3243 fel·

140 3286 184 3357 lis
201 3283 488 3381 amplificatam,
503 3284 613 3353 aliam
632 3284 822 3356 interdum
854 3274 968 3392 qnasi
992 3291 1127 3388 cystim,

140 3402 301 3475 humore
317 3402 426 3471 etiam
445 3400 665 3490 distentam,
683 3429 765 3501 quae
787 3406 855 3477 etsi
874 3409 1039 3481 omnino
1058 3431 1128 3507 pra⁴

179 3702 223 3780 (ι)
244 3704 288 3758 De
304 3702 397 3758 abdit,
414 3702 549 3756 nonnuli.
565 3712 621 3756 etc.
638 3721 662 3757 c.
678 3710 725 3777 94.

180 3803 223 3880 (a)
245 3803 323 3859 Sect.
342 3822 387 3873 17,
404 3802 466 3857 obs.
486 3802 537 3872 13,
555 3805 570 3871 S
586 3820 611 3857 1.

181 3903 225 3982 (a)
245 3905 321 3961 nia.
337 3909 352 3976 ς
371 3923 417 3959 11.
