2580 4514
147 316 214 405 134
306 334 352 389 nu
379 339 522 386 sumnus
547 340 591 387 nr
616 338 738 385 causis
764 336 979 387 morannum-

141 453 422 550 baemorrhagiis
441 478 509 550 per
531 476 639 525 nares
659 451 864 530 obnoxius.
888 468 974 523 eum
1001 450 1135 523 diutius

140 572 185 641 iis
205 572 401 655 caruisset,
423 571 545 666 primo
573 595 660 640 vere
685 567 781 640 febri
800 568 887 641 mali
912 570 1030 641 moris
1055 593 1137 666 pre·

140 686 281 765 hensus
309 685 438 761 fuerat.
469 689 639 760 Primarii
667 688 706 757 in
725 712 807 759 mea
836 687 957 784 patria
983 687 1056 761 viri
1075 684 1142 783 qui

140 802 286 879 fabrum
305 803 408 877 bunc
431 805 774 902 ingeniosissimum
791 803 1018 901 diligebant,
1042 829 1064 874 a
1081 827 1143 873 me

139 925 345 1020 petierunt,
366 938 406 994 ut
423 923 554 993 vellem
576 947 637 995 me
657 924 802 993 socium
822 921 960 993 addere
978 923 1146 1008 seniori,

139 1039 177 1109 id
207 1064 284 1109 non
310 1039 510 1126 abnuenti,
537 1039 636 1111 iilius
664 1038 819 1111 medico.
850 1036 1004 1111 Petendi
1030 1062 1148 1110 causa

139 1153 208 1233 fuit
225 1183 284 1229 res
303 1159 341 1229 in
360 1171 558 1253 angustum
573 1155 733 1229 redacta.
749 1155 804 1226 Ad
823 1170 953 1227 caetera
970 1155 1075 1226 enim
1088 1180 1150 1226 ae*

139 1290 299 1351 cesserat
315 1300 360 1345 eo
380 1273 440 1343 die
465 1287 591 1344 tantus
618 1273 809 1370 sanguinis
837 1299 856 1343 e
881 1271 1038 1345 naribus
1064 1296 1149 1343 cur·

139 1416 218 1477 sus,
233 1408 372 1462 utrum
389 1393 486 1461 intra
499 1389 790 1486 horasquinque
806 1390 852 1460 ad
869 1389 983 1461 libras
993 1405 1142 1487 septem

138 1508 364 1596 effluxisset,
399 1533 523 1602 neque
559 1507 634 1578 ulla
670 1491 852 1579 hactenus
886 1522 965 1581 arte
1001 1507 1143 1579 tardari

137 1643 287 1724 posset;
307 1627 403 1696 vires
419 1626 495 1721 jam
518 1624 732 1711 hominem,
759 1625 906 1721 ipsique
933 1649 1140 1721 propemo-

138 1744 228 1819 dum
262 1743 391 1840 pnlsus
424 1740 640 1812 deficerent.
676 1747 767 1813 Data
803 1743 1056 1813 communiter
1091 1742 1139 1813 ab

53 1934 63 1945 ,
138 1876 302 1957 utroque
320 1875 493 1930 nostrum
512 1885 626 1957 opera
647 1875 720 1944 est,
739 1859 854 1931 uthis
874 1859 1055 1931 omnibus
1074 1885 1139 1932 oc-

139 1992 363 2049 curreretur.
385 1978 455 2049 Sed
472 1978 533 2053 vix
553 1979 700 2076 sanguis
719 1977 918 2051 subsistere
932 1977 1139 2072 inceperat,

140 2120 225 2171 cum
244 2096 281 2169 id
302 2096 436 2170 accidit
454 2094 557 2192 quod
575 2094 852 2182 metuebamus,
874 2120 921 2167 ne
942 2094 1140 2166 exacerba-

137 2228 194 2301 ta,
217 2216 273 2287 uti
299 2213 368 2285 sub
396 2213 591 2285 meridiem
627 2211 710 2283 fieri
736 2226 995 2297 consueverat,
1024 2208 1140 2285 febris

139 2332 331 2426 sanguinis
352 2329 493 2401 ssuxum
520 2345 728 2400 renovaret.
756 2333 855 2399 Dum
877 2353 1009 2401 rursus
1025 2353 1137 2426 opem

139 2447 312 2537 ferimus,
332 2472 418 2519 ecce
441 2446 532 2533 tibi,
550 2448 663 2543 nigrae
688 2445 917 2541 dejectiones
938 2446 1137 2541 incipiunt⁴

138 2566 239 2653 Quas
268 2590 352 2636 eum
378 2565 544 2662 proclive
574 2579 669 2635 esset
701 2563 855 2634 credere
883 2576 1028 2660 partem
1061 2588 1139 2635 esse

139 2683 349 2811 sanguinis,
374 2708 457 2779 quae
475 2707 544 2780 per
561 2682 769 2793 posteriora
786 2681 933 2750 narium
955 2677 1140 2751 foramina

137 2797 178 2867 in
191 2795 314 2873 fauces
329 2814 366 2871 et
378 2799 614 2871 stomachum
629 2787 856 2871 defluxisset·
848 2764 1097 2894 ,negabatg
1043 2821 1141 2869 aever

139 2916 348 3013 quidquam
363 2917 433 2989 sibi
449 2931 671 3014 perceptum
692 2916 882 3012 sanguinis
896 2916 934 2987 in
955 2913 1080 3010 gulam
1097 2940 1141 2985 ex

138 3031 308 3107 faucibus
336 3035 624 3107 descendentis:
649 3034 762 3130 idque
791 3031 1069 3105 confirmabant
1099 3057 1140 3104 ea

138 3176 220 3247 quae
240 3151 390 3221 interim
408 3176 476 3248 per
488 3153 671 3222 vomitum
685 3149 779 3221 forte
793 3131 1043 3245 rejecerat,in
1062 3151 1141 3247 qui·

136 3267 209 3339 bus
235 3269 430 3365 sanguinei
455 3283 518 3343 aut
541 3269 611 3339 atri
635 3269 730 3341 nibil
759 3265 890 3339 fuerat.
916 3272 1021 3337 Tunc
1048 3293 1138 3337 vero

134 3374 314 3482 inspectis
339 3385 464 3456 linteis
493 3385 670 3459 omnibus
693 3385 833 3483 quibus
858 3383 1005 3480 dejecta
1033 3411 1139 3457 exce·

136 3516 287 3599 perant,
304 3526 390 3570 cum
411 3517 532 3572 atrum
554 3503 706 3600 quidem
724 3519 759 3572 at
782 3503 1027 3598 sanguineum
1054 3528 1139 3573 nus-

136 3644 249 3716 quam
269 3619 435 3689 colorem
451 3644 663 3707 cernerem3
682 3646 761 3690 non
775 3617 890 3689 modo
902 3619 1136 3715 vulgatarum

136 3737 374 3835 Hippocratis
386 3738 673 3835 praedictionum
691 3740 847 3810 venitin
870 3751 1056 3825 mentem,
1075 3736 1137 3809 sed
