2580 4514
174 401 246 446 Lm.
274 399 330 446 111.
356 374 405 443 or
431 396 566 444 uorans
584 397 889 460 varrars,·rrrsr.
912 395 1032 447 xxxvi.
1061 373 1132 448 363

122 514 383 616 perscribam,
402 513 448 583 ab
466 538 545 584 non
563 512 656 583 adeo
672 513 833 584 absimili
850 538 959 585 cansa
979 540 1059 586 esse
1076 541 1131 588 re·

124 632 350 733 petendum.
377 636 431 701 Eo
458 645 583 702 autem
603 631 728 701 minus
753 628 938 728 probabat
961 648 1131 721 motum,

126 752 235 850 quod
252 751 473 857 abscessus,
497 764 621 822 tantus
649 739 874 847 aliquando,
895 766 959 821 aut
977 752 1057 847 ejus
1075 777 1133 849 ge·

128 871 235 942 ueris
261 884 341 957 est,
372 884 414 941 ut
430 870 577 941 tametsi
595 893 683 940 casu
704 893 773 966 per
801 867 968 940 hiiiarios
997 869 1133 956 ductus
1169 855 1171 858 Α

127 989 272 1061 exitum
290 989 474 1072 inveniat,
493 989 615 1058 sanari
638 1003 763 1058 tamen
789 988 878 1086 aegri
893 1012 972 1058 nou
989 989 1135 1085 possint

127 1133 171 1180 ea
188 1105 365 1180 felicitate
385 1133 468 1206 quae
492 1108 564 1205 ipsi
582 1107 768 1205 obtigerat
796 1108 836 1176 in
865 1108 1043 1204 primaria
1060 1132 1134 1177 ma·

126 1243 268 1314 trona,
292 1227 460 1325 itemque
481 1228 521 1297 in
549 1224 712 1312 famula,
739 1249 905 1322 quarum
935 1240 1134 1322 utramque

127 1344 311 1422 diuturna
328 1343 483 1443 quidem
506 1343 717 1442 diligentia,
736 1342 801 1413 sed
820 1369 898 1414 non
916 1344 996 1414 aliis
1017 1341 1135 1414 medi·

125 1465 333 1553 ramentis,
363 1488 475 1560 quam
508 1463 633 1533 resina
664 1461 941 1561 terebinthina,
972 1476 1008 1533 et
1027 1485 1135 1550 sero,

125 1580 271 1663 deinde
286 1582 406 1656 succis
422 1569 570 1654 hederae
581 1581 784 1667 terrestris,
796 1595 833 1650 et
848 1579 1049 1655 consolidae
1062 1604 1138 1650 me·

125 1699 227 1787 diae,
257 1699 349 1770 mihi
383 1699 617 1772 asseverabat
643 1724 681 1772 se
707 1686 936 1798 percurasse.
965 1703 1135 1796 Namque

125 1817 198 1891 ubi
211 1818 391 1914 jecinoris
408 1820 555 1890 vomica
572 1817 642 1890 sibi
659 1820 738 1916 ipsa
751 1820 892 1890 exitum
909 1819 1055 1916 aperuit
1068 1841 1137 1915 per

125 1934 595 2023 abdominismusculos,
630 1937 737 2032 cujus
769 1938 825 2008 rei
865 1936 1033 2034 exempla
1059 1934 1135 2006 duo

124 2038 310 2125 Bononiae
322 2052 644 2153 proferebantur,
660 2054 719 2126 vel
734 2070 825 2127 tunc
842 2057 912 2127 etsi
928 2080 1006 2125 non
1022 2056 1137 2125 inter-

128 2173 193 2243 nis
215 2171 352 2262 modo,
373 2172 438 2244 sed
454 2187 491 2245 et
503 2173 686 2259 externis,
703 2174 774 2271 ipsi
791 2177 1029 2271 apostematis
1045 2196 1135 2242 cavo

126 2287 328 2378 adhibitis,
344 2276 520 2362 remediis
534 2290 620 2362 data
635 2316 750 2389 opera
764 2305 839 2378 est,
856 2306 898 2361 ut
912 2291 1020 2386 jecur
1036 2314 1139 2361 sana-

126 2423 257 2496 retur3
273 2424 398 2481 tamen
416 2408 456 2479 id
471 2409 588 2481 altero
604 2409 784 2481 duntaxat
794 2409 831 2481 id
843 2407 993 2481 fuerant
1007 2407 1137 2479 conse·

126 2527 209 2599 cuti
227 2553 236 2595 ε
257 2526 297 2597 in
315 2527 433 2598 altero
447 2543 572 2599 autem
583 2583 600 2618 ,‚
611 2553 656 2598 ex
672 2551 750 2624 quo
766 2529 920 2598 materia
934 2526 1136 2624 aliquando

127 2643 257 2717 exibat
275 2669 381 2742 aquae
397 2645 527 2720 similis
552 2647 592 2717 in
618 2670 694 2745 qua
715 2670 802 2717 caro
820 2671 952 2717 recens
969 2646 1045 2716 lota
1062 2659 1137 2733 est,

126 2761 336 2860 aliquando
357 2762 443 2834 ssavi
459 2764 622 2862 aliquid,
642 2765 824 2862 consequi
842 2748 946 2835 idem·
969 2788 1049 2833 non
1068 2786 1138 2861 po·

126 2894 307 2970 tucrum,
327 2881 392 2953 sed
417 2907 515 2979 aeger
541 2882 705 2980 denique
727 2897 901 2954 mortuus
916 2895 996 2952 est:
1017 2895 1138 2977 quan·

128 3023 246 3096 quam
262 2999 353 3071 huic
370 3014 561 3073 tumorem
579 3017 749 3073 nontam
769 3016 910 3071 naturae
926 3000 1002 3085 vis,
1022 3022 1137 3096 quam

127 3120 221 3190 artis
250 3143 359 3191 error
384 3134 592 3219 aperuerat.
625 3119 795 3192 Medicus
824 3120 943 3206 enim,
967 3117 1139 3214 quamvis

127 3237 299 3319 nominis
313 3237 416 3309 haud
426 3237 597 3327 obscuri,
615 3239 815 3336 sociusque
830 3235 1051 3334 chirurgus,
1069 3236 1138 3304 mi»

129 3355 234 3425 nime
247 3355 505 3445 attendentes,
520 3357 679 3427 icterum
696 3357 957 3441 antecessisse,
971 3357 1138 3450 itemque

128 3465 205 3541 alia
218 3471 363 3570 hepatis
380 3473 503 3546 labem
522 3456 747 3562 indicantia,
763 3488 864 3544 tactu
882 3497 919 3544 se
936 3471 1076 3569 decipi,
1088 3469 1137 3540 ob

130 3588 303 3660 eamdem
335 3586 488 3664 fortasse
521 3617 671 3665 causam
693 3593 793 3692 passi
819 3588 989 3678 fuerant,
1018 3612 1138 3687 quaea
1187 3624 1188 3629 κ

128 3711 301 3776 Fantono
325 3722 430 3804 patre
451 3706 505 3804 (ι)
526 3709 572 3778 iu
583 3711 848 3780 extenuatione
871 3708 1136 3805 impositorum

170 3964 217 4040 (ι)
235 3965 308 4020 Obs.
322 3977 400 4021 anat.
417 3969 493 4025 med,
508 3969 556 4029 ra.
663 4043 667 4050 Ι
