2580 4514
148 372 218 447 258
311 397 357 443 na
383 395 527 445 sromos
552 398 595 445 rr
621 397 745 447 crosis
770 401 983 453 uoaeoaurt

146 510 310 581 annulus
326 534 404 579 non
417 511 542 580 minus
561 511 668 607 niger
693 535 737 581 ac
758 510 878 587 fetens
895 532 998 607 erat,
1018 545 1138 618 quem·

146 626 351 705 admodum
364 642 401 698 et
417 630 588 725 proxima
601 633 773 726 superior
785 632 847 703 ilei
859 659 947 732 pars
960 663 971 725 ;
983 639 1138 711 imohaec

146 746 240 819 adeo
258 743 395 817 fracida
415 760 514 831 erat,
541 761 583 819 ut
604 745 852 822 distendentis
879 751 1057 827 humoris
1074 759 1138 839 viu

145 861 242 941 ferre
262 888 340 935 uon
362 864 547 960 potuerit,
565 863 630 933 sed
652 861 834 939 foramine
851 872 982 965 pervia
1003 877 1138 945 nonita

145 1006 284 1079 parvo,
304 981 390 1051 illac
406 981 445 1050 in
471 981 610 1051 ventris
631 1005 763 1053 cavum
782 980 967 1059 effuderit.
989 994 1046 1060 Ex
1066 991 1137 1061 reli-

145 1101 230 1198 quis
249 1101 329 1194 ejus
347 1095 571 1181 visceribus,
589 1123 692 1194 quae,
709 1114 752 1171 ut
769 1102 965 1193 intestina,
983 1132 1067 1178 non
1085 1132 1136 1206 pa·

144 1243 230 1293 rum
243 1217 368 1288 adhuc
383 1213 571 1304 calebant,
593 1240 680 1287 cum
697 1221 788 1289 XIII
801 1243 821 1288 a
839 1237 964 1293 morte
978 1223 1076 1297 hora
1092 1249 1137 1297 ca·

145 1334 259 1409 darer
269 1336 428 1405 incisum
443 1347 513 1419 est,
525 1333 634 1428 jecur
647 1359 799 1432 quoque
811 1337 946 1409 vitium
959 1357 1137 1413 contraxe-

142 1467 223 1542 rat;
242 1454 282 1523 iu
300 1450 418 1522 limbo
436 1452 536 1521 enim
559 1465 639 1522 erat
661 1453 835 1548 nigrum,
852 1455 892 1525 in
907 1479 1002 1529 cava
1029 1476 1136 1532 autern

144 1567 236 1643 facie
247 1624 256 1656 ,
269 1594 355 1641 cum
367 1571 477 1665 cysti,
495 1590 576 1664 quoe
587 1568 787 1641 mediocris
798 1584 878 1641 erat
888 1625 899 1659 ,
911 1573 1135 1674 subnigram.

146 1691 192 1763 In
203 1685 356 1759 thorace
370 1710 457 1757 sana
471 1687 615 1771 omnia,
632 1688 780 1758 tametsi
796 1688 837 1757 in
854 1688 1015 1764 dextero
1030 1694 1136 1766 cordis

143 1805 355 1875 ventriculo
386 1803 568 1901 polyposa
593 1800 663 1875 luit
689 1806 882 1877 concretio
915 1808 1084 1883 subssara
1109 1825 1136 1880 et
1177 1788 1180 1819 ³

144 1921 290 2007 mollis,
309 1946 391 2018 quae
409 1919 498 1991 inde
513 1918 656 1991 albidas
669 1921 897 2019 appendices
914 1949 1003 1999 suas
1028 1931 1067 2001 iu
1086 1954 1136 2000 ve·

143 2037 796 2136 nasusquejugularcsextendebat.
1177 2128 1180 2139 .

145 2228 148 2233 ,
199 2181 250 2227 ro.
269 2160 325 2227 De
342 2156 467 2227 multis
483 2179 565 2250 quae
580 2153 753 2225 adnotari
767 2154 843 2227 huc
861 2175 1040 2254 possent,
1055 2186 1136 2260 qua·

145 2275 231 2347 dam
253 2271 349 2345 infra
368 2272 637 2369 opportunius,
659 2272 841 2343 nonnulla
858 2275 973 2347 etiam
991 2281 1136 2377 attinge·

140 2416 244 2478 mus,
263 2393 384 2465 statim
395 2414 438 2461 ac
457 2387 757 2461 observationem
772 2390 928 2463 alteram
942 2393 1135 2493 adscripse-
1178 2428 1180 2435 ·

117 2511 281 2598 rimus,
311 2533 425 2606 quam
458 2503 651 2577 mensibus
685 2507 834 2578 circiter
866 2525 1038 2606 quatuor
1069 2526 1136 2612 post

141 2629 309 2727 priorem
325 2629 365 2700 in
384 2624 518 2695 eodem
540 2625 761 2695 nosocomio
779 2623 994 2703 habuimus.

146 2828 149 2833 ¹
194 2772 248 2827 υ.
269 2746 404 2825 Mulier
422 2765 542 2814 annos
559 2755 645 2813 nata
661 2741 746 2838 plus
761 2745 1058 2842 quinquaginta,
1069 2771 1136 2846 quae

142 2863 239 2943 duos
248 2866 325 2961 jam
346 2876 383 2934 et
401 2860 573 2958 triginta,
594 2857 745 2930 hernias
760 2861 970 2957 pertulerat
985 2864 1137 2951 binam

141 2983 302 3057 sinistris
322 2980 471 3066 ambas,
492 2978 645 3048 alteram
664 2977 710 3047 ad
730 2978 978 3069 umbilicum,
993 2983 1135 3059 alteram

141 3101 189 3172 ad
209 3100 373 3198 pubem,
391 3123 477 3171 cum
497 3094 592 3167 forte
611 3094 658 3165 ab
679 3097 765 3167 loco
785 3098 934 3172 nonita
952 3100 1032 3173 alto
1055 3101 1136 3172 ceci·

140 3218 275 3303 disset,
293 3216 388 3289 nihil
401 3215 487 3289 iude
506 3213 621 3298 mali,
639 3215 710 3285 nisi
731 3215 998 3289 contusionem
1011 3218 1136 3301 retule-

138 3351 198 3413 rat
225 3335 272 3409 ad
291 3333 442 3405 alterius
462 3330 620 3428 scapula
646 3344 683 3400 et
711 3330 862 3403 humeri
885 3330 995 3409 fines.
1025 3342 1136 3434 Aqua

139 3478 228 3537 pum
248 3450 355 3531 facile
377 3449 673 3536 convalesceret,
692 3452 806 3547 coepit
824 3451 970 3527 interea
988 3455 1067 3550 jam
1081 3452 1136 3527 ali·

139 3585 270 3666 quota
287 3590 374 3643 casu
392 3565 527 3637 diebus
548 3565 760 3647 adstrictam
781 3567 1136 3656 attaminarent

138 3686 252 3786 paulo
266 3699 353 3784 post
364 3682 519 3755 fluidam
529 3681 732 3757 subflavam
751 3687 945 3764 materiam
962 3710 1136 3769 evomere,

136 3803 238 3879 idem
254 3803 607 3900 quodrecrementa
619 3802 692 3873 alvi
705 3803 849 3892 solent,
868 3806 1032 3883 omniuo
1043 3804 1135 3879 olen·

134 3935 222 3999 tem.
242 3922 420 3999 Vomitus
436 3920 647 4010 tumebas,
665 3935 745 3993 tum
766 3929 978 4020 presertim
1000 3922 1136 3997 duabu
