2580 4514
540 294 563 365 Χ

146 352 217 438 αάὅ
300 374 347 420 nn
374 372 519 421 scurrus
544 374 589 419 rr
615 374 738 421 csusrs
764 371 976 423 uoreonuu
1079 390 1086 405 ·

141 487 310 584 Sylvius3
326 509 457 559 verum
476 487 502 555 ii
517 501 695 582 praeterea
714 488 781 583 qui
801 486 968 585 Sylvium
985 510 1126 586 sequar·

142 621 215 677 tur.
234 610 327 676 Cum
345 605 447 676 enim
467 628 509 674 ea
529 603 602 675 coli
615 628 702 702 pars
717 629 800 701 quae
815 604 971 679 subesse
983 606 1025 677 iu
1036 621 1128 678 trans

141 745 293 795 versum
309 723 520 795 ventriculo
536 722 647 809 solet,
659 748 737 829 upn
751 723 804 794 ibi
820 721 955 813 fuerit,
968 723 1128 797 seddeor

143 841 374 914 sumadeose
390 842 657 929 incurvaverit;
666 857 758 913 tunc
769 842 953 915 errabunt
967 858 1067 915 certe
1080 844 1128 941 qui

139 959 282 1030 idcirco
303 984 385 1031 eam
402 957 534 1031 dolore
555 975 765 1058 correptam
779 985 860 1033 esse
872 958 1128 1060 negent‚quud

140 1077 282 1149 ventris
302 1076 496 1173 superiora
511 1077 919 1175 transversus,cinguli
932 1078 1071 1167 instar,
1082 1077 1128 1148 do

139 1192 199 1264 lor
213 1217 291 1265 non
305 1209 500 1291 torqueat;
520 1193 585 1265 sed
604 1209 640 1265 et
656 1194 714 1265 illi
728 1193 1067 1267 hallucinabuntur
1079 1193 1130 1291 qui

140 1312 180 1382 in
200 1313 343 1383 ventris
356 1289 498 1384 ambitu
517 1336 562 1382 ac
579 1316 875 1405 circumferentia
886 1329 1066 1385 exortum
1080 1311 1128 1381 do

141 1428 258 1501 lorem
277 1456 366 1501 vere
386 1430 541 1502 colicam
564 1429 762 1501 dicendum
792 1455 870 1504 esse
903 1455 995 1539 cupi
1021 1431 1127 1527 Sylrio

140 1548 317 1636 credaut;
336 1574 423 1618 nam
440 1548 551 1619 dolor
568 1549 634 1645 qui
651 1563 742 1620 tunc
762 1549 802 1618 in
829 1549 1028 1645 superiore
1053 1571 1126 1619 vene

139 1667 207 1737 tris
223 1664 368 1736 ambitu
386 1669 594 1753 exoriatur,
610 1667 648 1737 in
664 1667 750 1737 colo
767 1665 872 1763 quod
889 1665 997 1737 illinc
1027 1664 1126 1749 absit;

139 1809 219 1857 esse
237 1809 317 1854 non
333 1785 480 1880 poterit.

188 1901 221 1972 3.
243 1907 385 1973 Verum
402 1917 526 1972 autem
547 1901 586 1972 id
608 1925 686 1974 esse
707 1899 810 1998 quod
827 1899 912 1973 colo
933 1925 1030 1999 saepe
1048 1899 1126 1971 acci·

140 2017 229 2089 dere
258 2018 402 2114 Sylvius
427 2018 642 2105 admonuit,
659 2043 739 2089 non
763 2042 918 2115 paucae,
948 2032 1030 2091 tum
1057 2015 1126 2089 vas

139 2136 266 2223 salvae,
283 2151 364 2206 tum
389 2153 544 2223 uostrae,
565 2136 634 2208 tibi
659 2150 723 2207 aut
749 2135 837 2243 jam
851 2137 1054 2233 propositae
1076 2146 1126 2205 aut

137 2254 394 2351 proponendae
407 2254 687 2326 observationes
705 2250 1009 2325 confirmabunt:
1026 2276 1126 2350 quau·

137 2395 253 2470 quam
271 2397 347 2442 non
369 2374 496 2442 omnia
510 2373 550 2442 in
566 2371 705 2469 quibus
721 2371 760 2441 id
778 2369 961 2459 vidimus,
980 2377 1126 2470 corpora

136 2491 177 2559 iu
194 2488 253 2561 his
273 2491 438 2587 epistolis
456 2488 778 2561 commemorandi
805 2490 1045 2561 occasionem
1071 2488 1125 2559 ha·

45 2676 55 2691 ,
135 2606 310 2681 bebimus
333 2636 341 2679 ε
365 2609 430 2680 diu
454 2610 554 2680 enim
573 2624 628 2681 est
644 2635 689 2680 ex
704 2632 782 2705 quo
801 2608 840 2679 id
863 2611 1048 2705 coepimus
1061 2606 1125 2679 aui·

136 2727 369 2798 madvertere
385 2726 444 2798 vel
463 2729 681 2824 priusquam
706 2727 747 2798 iu
771 2751 857 2797 eum
877 2725 1125 2798 incidissemus

134 2844 247 2940 Sylvii
266 2844 414 2930 locum,
436 2860 478 2915 ut
495 2849 528 2914 ΙΙ
549 2859 677 2916 nostra
697 2844 918 2919 adversaria
931 2843 993 2941 (ι)
1013 2859 1123 2917 osteu-

133 2961 242 3033 dunt.
257 2962 329 3033 Sed
346 2965 383 3033 iu
395 2967 449 3047 ΙΙΙ
468 2986 621 3060 quoque
639 2961 868 3034 Adversariis
882 2960 939 3059 (a)
957 2962 1067 3033 aliam
1080 2960 1124 3029 in·

132 3077 213 3148 fimi
235 3080 308 3149 coli
333 3081 430 3152 sedis
447 3083 663 3153 varietatem
689 3080 968 3165 adnotavimus,
989 3079 1050 3151 hic
1069 3077 1122 3149 mi·

130 3198 233 3267 nime
250 3200 628 3293 praetermittendam
649 3202 820 3296 quamvis
842 3198 898 3271 ihi
923 3200 1063 3296 pariter
1081 3192 1120 3265 ob

129 3313 303 3386 eamdem
329 3341 477 3387 causam
500 3343 565 3390 eos
592 3343 697 3389 more
716 3334 847 3390 nostro
875 3316 1030 3388 laudare
1053 3336 1117 3385 nou

131 3434 327 3528 potuimus
353 3438 526 3532 quiante
549 3463 619 3510 nos
641 3437 744 3508 illam
772 3435 1119 3512 animadverterant,

466 3642 1111 3669 ,Μ

167 3810 209 3888 (1)
232 3813 370 3868 Animad.
395 3834 421 3869 2.

164 3929 206 4006 (a)
229 3930 367 3984 Animad.
390 3932 418 3984 (ἰ.
