2580 4514
139 399 207 472 170
301 399 347 444 DE
373 395 518 441 §uulnus
543 398 585 440 ET
612 396 735 443 causis
761 397 970 445 MORBORUM

137 515 220 582 vius
231 512 297 607 (1),
311 513 376 609 qui
392 535 476 581 curn
489 536 593 607 aeque
611 510 762 607 longam
780 526 817 580 et
830 510 1007 607 pollicem
1025 511 1113 583 latam

137 632 611 715 membrnnoso-curnenm‚
633 644 674 698 ut
692 628 829 699 diserte
846 630 916 717 ait,
934 629 1115 726 quamdam

137 773 299 818 massam
320 773 404 817 cum
424 724 543 816 multu
557 746 790 844 pinguedine
808 751 1034 833 intertexta,
1062 743 1117 817 for·

34 928 37 935 .
136 867 279 936 tissimo
298 867 381 937 nisu
404 864 571 937 indidem
591 864 781 936 detrusam
798 881 1049 962 proponeret3
1073 864 1119 935 du·

136 982 375 1070 bitationem,
390 999 432 1053 ut
459 985 618 1080 opinor,
642 980 841 1053 ostendere
869 982 996 1081 voluit
1018 1006 1119 1069 suant,

137 1101 239 1171 hunc
252 1101 508 1173 observationi
526 1101 678 1170 titulum
696 1098 928 1197 praefigendo
947 1099 1121 1173 demun

132 1217 320 1316 polyposn
331 1244 402 1316 per
414 1218 539 1289 alvum
558 1232 730 1287 excreta:
747 1232 783 1287 et
803 1233 1069 1314 precesserant
1084 1232 1121 1291 ta·

137 1361 222 1406 men
244 1362 285 1406 ea
306 1362 389 1431 quae
417 1360 493 1405 non
514 1359 621 1406 secus
644 1360 686 1405 ac
708 1335 919 1432 dysenteria
938 1346 1123 1432 potuerant

137 1456 397 1524 excrescentiae
435 1478 577 1524 carneae
604 1453 743 1548 justam
773 1452 1032 1549 suspicionem
1062 1474 1123 1523 mo

135 1595 232 1640 vere.

187 1688 242 1758 23.
272 1692 372 1758 Dum
402 1687 583 1760 hactenus
608 1687 845 1760 ostenderem
872 1690 1047 1785 possein
1072 1687 1123 1785 dy·

137 1807 296 1877 senteria
320 1812 421 1903 egeri
442 1831 528 1876 cum
554 1807 736 1904 sanguine
762 1806 935 1903 adiposa,
956 1805 1123 1879 membra·

135 1948 226 2008 nea,
251 1948 406 1993 carnosa
426 1949 604 2021 corpora,
623 1906 696 1995 nee
712 1925 888 1995 intestina
914 1939 1123 1997 tamenesst

136 2041 364 2127 exulcerata,
391 2058 592 2139 propterea
617 2041 720 2139 quod
736 2067 778 2112 ea
793 2066 955 2140 corpora
973 2066 1124 2141 saepenu·

136 2184 241 2229 mero
260 2183 338 2230 non
370 2175 457 2230 sunt
485 2184 616 2256 reapse
646 2185 727 2256 quae
752 2159 953 2249 videntur;
981 2158 1124 2233 subinde

135 2277 275 2347 veritus
297 2301 379 2347 sum
405 2302 451 2346 ne
473 2276 569 2348 forte
590 2278 669 2374 ipse
687 2277 893 2365 mirareris,
911 2303 995 2349 non
1015 2277 1126 2353 viden

136 2420 219 2482 me,
238 2394 298 2464 vel
327 2395 447 2465 solum
476 2397 668 2493 sanguinis
696 2396 833 2471 exitum
860 2381 1127 2471 satis'indican

137 2537 262 2599 erosa,
283 2527 347 2583 aut
374 2527 485 2610 rupta
513 2513 592 2608 ejus
624 2538 728 2601 vasa3
755 2529 797 2585 ut
826 2512 1062 2586 exulceratio·
1078 2524 1131 2587 aut

35 2630 38 2637 ’
68 2695 72 2701 ,
134 2631 210 2724 jam
227 2628 322 2701 facta
340 2647 404 2702 aut
421 2630 595 2701 inchoata
614 2631 768 2718 saltem,
787 2633 1001 2702 necessario
1015 2633 1061 2722 sit
1079 2654 1132 2729 ag·

137 2747 337 2820 noscenda
372 2754 513 2820 Verum
548 2751 583 2822 si
606 2745 701 2820 forte
737 2750 891 2820 miratus
922 2774 986 2836 es,
1016 2746 1135 2821 mirati

138 2868 320 2938 continuo
339 2867 507 2952 desines,
524 2892 611 2938 cum
624 2866 704 2937 haec
721 2893 804 2964 quae
823 2868 951 2964 paucis
964 2868 1137 2964 perstrin-

141 2995 243 3078 gam‚
265 2984 480 3055 attenderis.
502 2989 566 3055 Est
581 2984 624 3056 cl.
643 2987 819 3083 Wagneri
836 2983 1053 3057 observatio
1066 2982 1138 3082 (a),

137 3100 176 3168 in
207 3125 280 3195 qua
298 3126 383 3170 omn
404 3101 473 3171 alia
500 3103 548 3170 in·
566 3101 806 3198 dysentericae
834 3100 1082 3175 visceribusa
1103 3124 1137 3175 st

138 3233 339 3314 conspecta
361 3221 559 3316 proponit,
580 3222 619 3288 in
638 3218 876 3316 hisqueillud
894 3242 967 3315 pro
980 3206 1137 3317 Spigelio

139 3331 399 3427 adnotandum
417 3335 493 3432 (3),
511 3341 674 3406 vesicam
700 3335 782 3407 bilis
801 3332 912 3407 fuisse
933 3334 1135 3430 turgidum,

138 3465 220 3521 tum
248 3451 321 3524 hoc
340 3455 565 3549 praesertim,
588 3453 682 3524 nihil
704 3477 863 3550 usquam
884 3453 1063 3527 intestina
1084 3449 1137 3521 ha·

138 3635 309 3648 -t————---
316 3639 444 3648 ..u-naun·—
726 3631 1134 3649 -m--n——u-ffl

175 3755 220 3830 (ι)
241 3757 308 3809 Act.
327 3758 363 3811 N.
379 3756 449 3809 Cur.
464 3765 484 3808 t.
503 3773 532 3825 1,
548 3755 612 3809 obs.
630 3753 695 3828 195.

178 3855 223 3930 (ι)
243 3855 319 3927 Eph.
335 3857 372 3910 N.
383 3857 415 3911 C.
432 3865 507 3910 cent.
528 3875 538 3909 1
556 3864 585 3910 et
599 3873 630 3924 2,
644 3855 708 3909 obs.
726 3872 791 3924 171.

178 3952 221 4029 (3)
242 3951 310 4008 vid.
327 3972 432 4030 supra,
447 3975 477 4009 n.
493 3952 538 4009 15.
