2580 4514
155 395 211 442 nr.
237 394 295 442 111.
321 394 369 441 un
394 391 528 440 nonnis
552 392 721 454 vnnrnts,
747 356 857 438 nmsr.
886 393 991 438 xxxv.
1021 369 1088 440 32¹1

119 523 222 597 gente,
235 508 302 580 sed
317 531 513 604 nunquam
526 521 629 576 extra
641 519 783 575 certum
796 505 987 602 quoddam
1001 508 1095 602 ejus·

119 616 187 696 dem
207 628 372 724 regionis
399 625 559 722 spatium
585 621 808 720 egrediente.
835 623 891 693 td
919 624 1001 721 ejus
1026 623 1096 695 cla-

119 754 225 815 mores
233 743 373 814 excitus
384 741 541 839 hospes,
555 738 602 810 de
613 738 769 809 consilio
779 739 893 810 vicini
903 740 1098 836 cujusdam

123 859 236 930 medici
246 859 460 958 philonium
471 854 622 929 exhibet
632 860 853 926 Romanum.
864 861 943 928 Hoc
955 859 1100 929 vomitu

124 974 288 1068 rejicitur,
311 976 388 1072 jam
406 976 506 1045 enim
522 974 684 1044 vomitus
701 989 892 1070 coeperant
906 973 992 1044 bilis
1010 1000 1097 1071 por-

123 1107 234 1182 taceae,
250 1117 331 1190 quae
344 1091 479 1164 deinde
489 1091 696 1188 aeruginosa
706 1087 801 1161 facta
814 1105 885 1177 est,
898 1105 934 1160 et
946 1089 1100 1161 demum
1159 1095 1171 1105 ‘

119 1229 222 1308 prope
232 1225 394 1281 mortem
404 1223 484 1279 atra
501 1209 553 1279 sic
563 1222 707 1294 tamen,
725 1220 767 1276 ut
781 1205 826 1277 ad
844 1204 1103 1302 ferrugineum

119 1342 284 1424 vergeret.
308 1331 437 1415 Mane,
456 1325 551 1397 hora
572 1322 619 1394 ab
647 1324 789 1395 doloris
809 1325 916 1394 initio
936 1323 1102 1413 decima,

119 1441 311 1515 tdrocatur
328 1442 508 1516 Valsalva.
525 1441 616 1532 Qui,
638 1439 730 1512 facie
751 1466 832 1538 quae
851 1442 1004 1512 minime
1024 1440 1103 1539 pla·

119 1576 224 1645 aeret,
245 1560 446 1633 abdomine
473 1576 608 1648 tenso,
637 1574 674 1630 et
700 1558 746 1630 ad
766 1574 904 1629 tactum
927 1558 1105 1647 dolente,

119 1677 216 1751 ›ulsu
233 1676 367 1748 humili
392 1693 428 1750 et
447 1679 553 1774 quasi
565 1677 698 1775 ligato,
714 1692 750 1747 et
764 1677 830 1772 qui
844 1678 988 1775 percipi
1017 1677 1104 1749 satis

119 1819 184 1866 ton
218 1810 366 1893 posset,
399 1795 506 1865 urina
533 1819 578 1865 ex
599 1791 718 1863 rubro
736 1790 844 1864 'fusca
874 1807 911 1864 et
944 1795 1105 1866 maxime

119 1910 287 2000 urbida,
316 1913 472 2007 aliisque
502 1910 616 2006 hujus
643 1910 791 2008 generis
814 1910 1104 1999 animadversis,

119 2054 192 2102 mm
201 2043 348 2100 tantum
358 2043 434 2101 tam
445 2027 553 2099 brevi
562 2044 732 2126 tempore
743 2024 879 2098 factum
896 2026 1102 2100 detrimen-

119 2172 188 2219 um
205 2145 369 2236 rideret,
385 2147 637 2241 aliarumque,
657 2144 772 2242 hujus
790 2171 866 2216 non
887 2145 937 2216 ita
955 2144 1106 2219 absimi-

119 2264 197 2337 ium
205 2316 216 2352 ,
229 2262 534 2335 observationum
548 2286 698 2334 suarum
715 2262 996 2350 recordaretur,
1009 2265 1107 2333 intra

119 2404 234 2452 toras·
252 2381 384 2480 viginti
412 2395 577 2478 quatuor
610 2381 837 2450 moriturum
867 2381 1104 2478 pronunciat.

119 2502 247 2571 lamen
264 2552 274 2587 ,
290 2523 339 2570 ne
353 2497 392 2568 id
407 2523 503 2595 aeger
522 2499 705 2569 continuo
719 2479 966 2594 intelligeret,
980 2500 1108 2569 oleum

119 2612 192 2687 lari
212 2614 322 2711 jubet
346 2641 367 2688 e
394 2615 568 2688 dulcibus
584 2614 787 2712 amygdalis
809 2639 941 2686 recens
961 2638 1109 2712 expres·

119 2756 217 2822 nrm,
241 2731 327 2805 oleo
353 2748 476 2805 autem
497 2734 706 2821 violarum,
730 2731 854 2804 addita
881 2731 1108 2830 camphora,

119 2846 298 2927 ibdomen
307 2851 458 2948 inungi,
469 2865 506 2922 et
519 2854 686 2923 seniores
698 2850 795 2921 duos
806 2848 974 2921 medicos
987 2872 1109 2920 accer-

119 2968 183 3043 tri.
191 2998 214 3035 ,α
224 2972 319 3041 Cum
335 2968 395 3058 hi,
407 2985 572 3067 quatuor
582 2983 667 3067 post
678 2967 799 3056 horis,
819 2991 917 3066 aegro
932 2967 1009 3062 jam
1024 2965 1111 3036 satis

119 3087 296 3186 rupiato,
309 3091 511 3160 venissent:
525 3090 725 3186 optimum,
735 3087 875 3183 inquit,
892 3083 1110 3156 adolescen-

119 3220 236 3294 item,
260 3208 380 3279 civem
407 3224 558 3296 meum,
582 3233 624 3279 ea
641 3209 678 3276 vi
698 3205 821 3276 morbi
839 3220 1111 3302 praegravatum

119 3322 330 3414 ividebitis,
343 3340 386 3396 ut
400 3326 470 3397 nisi
485 3324 577 3422 quid
588 3327 628 3394 in
643 3323 751 3395 vobis
763 3322 890 3394 auxilii
900 3324 967 3408 sit,
981 3346 1111 3394 verear

119 3438 580 3539 ·utferredintiuspossit;
599 3466 686 3512 nam
702 3441 806 3537 quod
817 3439 864 3511 ad
881 3465 942 3511 me
959 3443 1110 3530 attinet,

119 3560 300 3657 »ingenue
314 3556 448 3647 fateor,
463 3583 540 3656 quo
548 3560 678 3656 juvare
686 3559 846 3656 possim,
858 3583 938 3628 non
946 3557 1110 3629 videre.»

119 3675 230 3749 limul
254 3700 336 3749 rem
359 3691 507 3764 narrat,
528 3674 629 3755 etad
648 3700 787 3772 aegrum
811 3674 1032 3745 introducit.
1053 3673 1113 3743 Illi

119 3817 201 3865 tero
228 3793 475 3866 convulsione
502 3795 668 3892 opprimi
696 3805 877 3880 censent,
902 3791 1066 3888 ideoque
1092 3810 1114 3860 c

119 3910 445 4010 tede-sanguinem
459 3936 539 3986 esse
554 3909 801 3985 mittendum:
822 3932 997 4006 magnam
1017 3930 1113 4006 quo·

177 4032 212 4117 a
896 4049 937 4096 21
