2580 4514
229 389 276 483 98
400 411 447 456 nr.
474 408 620 456 snnrnns
645 410 689 454 rr
716 409 840 456 causis
865 409 1074 456 uonnorumr

230 522 380 594 feminiS
398 522 543 610 solum,
562 520 627 592 sed
643 523 730 592 etin
748 524 837 593 viris
853 521 902 592 ab
916 523 1076 596 Riolano
1093 522 1149 620 (ι)
1168 540 1240 596 eta

233 640 488 712 celeberrimis
514 639 733 710 auctoribus
756 640 926 711 lleistero
949 641 1022 737 (n)
1044 656 1081 711 et
1100 645 1240 713 Fonto·

216 784 280 836 ¹no
300 758 355 855 (3)
373 783 453 829 esse
472 757 758 855 deprehensam.
787 762 933 828 Horum
960 773 1084 829 autem
1105 784 1237 845 nemo,

227 893 271 948 ut
290 901 415 973 neque
433 876 477 946 cl.
499 876 570 944 viri
595 874 772 946 Peschius
784 874 798 970 (
812 866 859 970 4)
878 889 914 945 ct
938 875 1182 973 Amyandus(
1195 875 1236 971 5)

228 995 346 1092 quiin
362 992 510 1064 leminis
528 993 729 1078 viderunt,
756 993 870 1064 ullam
893 1018 979 1064 cum
1007 1009 1185 1090 possent,
1204 1008 1235 1066 et

228 1112 409 1209 aliqui,·si
429 1113 478 1181 ita
489 1110 713 1197 accidisset,
739 1110 850 1181 etiam
874 1109 1081 1199 deberent,
1103 1112 1233 1199 ullam,

227 1232 383 1327 inquam
395 1284 405 1317 ,
418 1228 465 1298 de
480 1228 626 1299 vomitu
639 1228 678 1296 iu
694 1228 739 1298 iis
756 1228 846 1298 viris
866 1225 1060 1299 feminisve
1083 1232 1235 1301 mentio

226 1372 315 1419 nem
344 1347 531 1442 injiciunt.
555 1344 666 1435 Quod
682 1345 712 1416 si
729 1345 769 1414 in
790 1349 880 1415 VIII
906 1345 978 1416 bae
1004 1347 1236 1444 Sepulchreti

208 1457 392 1539 ¹sectione
419 1463 722 1535 observationem
746 1462 799 1559 (6)
825 1463 993 1535 invenies
1019 1464 1152 1551 Blasii,
1176 1468 1236 1564 qui

225 1582 482 1655 ventriculum
500 1580 689 1678 duplicem
704 1578 863 1651 offendit
877 1583 916 1650 in
933 1583 1039 1671 viro,
1055 1584 1236 1656 creberri-

226 1702 298 1772 mis
311 1696 584 1770 vomitionibus
604 1697 670 1768 diu
697 1712 851 1783 vexato,
870 1697 937 1769 has
959 1699 1066 1769 illum
1092 1701 1236 1773 videbis

167 1888 169 1893 .
226 1843 307 1889 non
324 1817 372 1888 ab
390 1841 432 1888 ea
451 1815 691 1912 duplicitate,
709 1815 773 1887 sed
791 1840 814 1885 a
827 1840 963 1914 magna
987 1820 1163 1915 angustia
1181 1845 1236 1890 re-

225 1949 353 2035 petere
368 1928 457 2031 ejus'
464 1932 659 2004 foraminis
682 1956 750 2030 per
767 1934 874 2031 quod
896 1935 990 2005 alter
1007 1938 1236 2009 ventriculus

228 2078 315 2126 cum
330 2054 448 2124 altero
475 2052 808 2123 communicabat:
834 2053 1046 2148 cujusmodi
1069 2050 1237 2154 angustia

227 2176 267 2244 in
288 2174 332 2244 iis
350 2194 443 2269 quas
464 2195 535 2269 ego
551 2170 768 2256 observavi,
795 2195 990 2268 uunquam
1009 2169 1091 2242 luit.
1113 2175 1236 2264 Quid?

227 2291 381 2390 quodsi
402 2289 706 2361 observationem
729 2287 830 2358 illam
857 2288 959 2386 apud
981 2288 1147 2362 Blasium
1163 2291 1237 2390 (7)

226 2410 353 2508 legas,
373 2409 617 2504 conjunctam
632 2428 719 2474 cum
735 2405 850 2478 altera
860 2406 1140 2481 animadvertes
1153 2412 1238 2506 ejus

226 2525 315 2598 dem
329 2525 493 2624 generis,
513 2525 553 2593 in
570 2546 645 2620 qua
663 2524 731 2594 etsi
747 2526 1031 2621 augustiniutar
1046 2529 1237 2600 ventricu-

227 2645 305 2716 lum
325 2659 530 2740 utrumque
555 2666 634 2711 non
660 2639 775 2711 modo
803 2667 954 2741 magna,
977 2644 1043 2716 sed
1068 2653 1236 2718 inaximo

227 2778 265 2833 et
281 2785 427 2833 sununa
442 2757 527 2847 fuit,
550 2759 669 2828 homo
683 2774 831 2848 tamen,
849 2763 921 2832 nisi
941 2763 1045 2860 quod
1062 2765 1175 2838 valde
1192 2763 1236 2836 la·

203 2948 206 2957 ,
225 2880 405 2965 melicus,
423 2893 502 2949 erat
521 2880 613 2948 bene
628 2900 761 2963 sanus,
783 2894 820 2950 et
842 2878 947 2977 quod
961 2885 1233 2979 consequitur,

225 2995 499 3067 vomitionibus
513 2993 617 3064 haud
639 2995 838 3067 obnoxius.
864 2997 976 3088 Quod
994 2999 1025 3070 si
1043 2998 1233 3072 nihilomi-

884 3216 1228 3230 *m

331 3362 536 3438 Anthropogr.
550 3364 570 3419 l.
585 3382 619 3435 a,
632 3384 659 3420 c.
674 3382 720 3420 ao.

328 3463 405 3520 Diss
422 3472 493 3538 syst.
513 3463 578 3520 obs.
588 3463 667 3520 med.
684 3465 807 3522 miscell.
820 3467 883 3524 obs.
899 3468 928 3524 6.

264 3363 310 3442 (Ι)

163 3480 165 3485 ·
263 3463 307 3542 (2)

261 3563 307 3644 (3)
327 3567 372 3621 De
385 3562 504 3618 observ.
518 3564 596 3621 med.
610 3574 639 3619 et
649 3576 730 3621 anat
741 3567 835 3642 Epist.
848 3567 875 3624 3.

263 3663 307 3740 (4)
330 3664 443 3738 Syllog.
456 3672 536 3717 anat.
551 3663 616 3719 obs.
631 3664 709 3734 584.

259 3763 304 3843 (5)
324 3763 395 3820 Vid
410 3764 575 3820 Commerc.
589 3764 680 3823 litter.
696 3784 745 3824 an.
759 3764 952 3834 1v34.hebd.
965 3768 1108 3846 abiulin.

259 3864 303 3942 (6)
323 3865 361 3920 N.
382 3861 429 3917 26.

258 3963 346 4043 (7)P
350 3968 409 4031 ,4,
426 3961 492 4017 obs.
509 3963 634 4040 med.9.·
