2580 4514
137 348 207 419 288
302 370 349 415 ns
377 368 524 416 sumnus
550 370 594 415 ar
620 368 743 417 caus1s
768 370 980 419 nonronuu
1064 424 1067 431 ,

186 481 243 556 25.
262 486 384 555 Senex
400 506 520 554 annos
534 498 644 554 natus
658 496 824 580 quatuor
836 498 874 556 ct
893 488 1121 587 septuaginta,

137 600 308 700 gracilis,
328 600 507 687 vinosus,
526 615 611 671 ante
628 625 795 671 mensem
819 602 1000 676 incedere
1022 606 1070 677 sic
1084 606 1124 677 in·

137 733 307 816 ceperat,
324 732 366 787 ut
381 716 532 788 sinistro
560 717 796 814 potissimum
820 720 924 791 cruri
950 719 1127 803 incumbe·

135 849 205 907 ret.
228 833 340 925 Quod
366 831 563 905 domestici
589 835 706 932 magis
734 860 848 933 quam
871 838 1129 945 ipseanimad·

135 967 349 1041 verterant;
371 951 467 1022 nihil
488 966 588 1024 certe
611 954 689 1052 ipse
721 951 768 1026 de
795 953 869 1027 hoc
888 954 1062 1046 dicebat,
1079 971 1131 1029 aut

136 1071 283 1167 uspiam
303 1069 432 1141 dolere
454 1093 493 1141 se
517 1069 747 1142 ostendebat.
773 1071 1046 1171 Duodeviginti
1063 1088 1132 1173 post

137 1186 271 1259 diebus
288 1186 421 1258 dolore
439 1188 580 1259 ventris
595 1203 799 1286 correptus
815 1204 871 1261 est
888 1214 1011 1290 vago,
1030 1192 1132 1264 trulla·

137 1332 211 1405 que
237 1331 325 1377 cum
345 1302 449 1377 febre
470 1305 700 1400 conjuncto,
725 1330 840 1402 quem
863 1306 972 1405 ipse,
998 1310 1133 1381 nemine

137 1424 330 1512 consulto,
358 1423 523 1494 theriaca
547 1419 696 1520 sumpta
724 1424 876 1521 expulit.
900 1423 978 1497 Sed
1007 1426 1132 1511 duodc·
1177 1454 1179 1491 :

137 1543 210 1613 cim
231 1541 436 1635 interjectis
451 1539 584 1612 diebus
608 1555 714 1612 ortus
740 1541 840 1612 circa
859 1542 1061 1615 meridiem
1081 1543 1134 1616 do·

136 1659 196 1728 lor
216 1671 271 1729 est
289 1657 336 1727 ad
356 1681 539 1728 summam
565 1658 757 1755 regionem
783 1658 932 1730 iliacam
953 1659 1133 1733 dexteram

138 1774 251 1846 simul
264 1798 439 1872 gravans,
462 1774 572 1846 simul
589 1776 623 1845 ei
640 1776 791 1859 similis,
810 1791 852 1847 ut
868 1775 1018 1866 aiebat,
1035 1802 1134 1877 quem

139 1892 357 1965 mordentes
374 1890 533 1964 afferent
552 1917 672 1964 canes.
693 1893 877 1966 Tumebat
892 1895 924 1967 is
939 1894 1134 1985 locus;setl

139 2034 210 2081 nec
238 2010 404 2082 colorem
426 2025 656 2098 mutaverat,
675 2025 730 2098 et,
754 2012 785 2083 si
807 2027 1008 2110 tangeres„
1029 2014 1135 2087 mollis

142 2143 241 2201 erat:
260 2153 375 2198 manu
394 2144 518 2200 autem
535 2125 764 2225 profundius
788 2153 988 2227 appressa,
1012 2133 1135 2204 durum

139 2244 384 2344 percipiebas.
411 2247 566 2333 Pulsus,
594 2248 823 2343 caeteroquin
847 2247 1070 2338 laudabilis,
1089 2272 1138 2351 cc·

139 2362 245 2434 leret
260 2360 438 2459 frequens
454 2378 542 2434 erat.
565 2363 675 2434 Oculi
693 2364 792 2434 intra
812 2363 959 2437 orbitas
980 2360 1137 2441 subside-

139 2478 242 2551 bant.
263 2481 408 2578 Lingua
436 2482 541 2552 sicca.
562 2484 645 2551 Nox
662 2479 770 2569 mala.
795 2483 864 2553 Die
886 2482 1020 2555 morbi
1038 2484 1139 2557 altera

140 2599 272 2696 pulsus
288 2599 429 2694 major,
448 2613 489 2669 ut
504 2598 683 2670 vibratus.
700 2599 819 2669 Dolor
833 2615 870 2670 et
890 2612 1027 2673 tumor
1046 2626 1084 2677 se
1098 2600 1137 2675 ad

141 2718 282 2789 ventris
299 2715 465 2788 medium
483 2716 760 2805 extendebant,
778 2717 844 2814 qui
862 2714 1024 2791 demum
1046 2706 1139 2794 sinis·

141 2849 307 2907 trorsum
329 2859 481 2932 quoque
495 2849 752 2933 perrexerunt.
774 2836 933 2931 Sanguis
952 2862 972 2908 e
994 2837 1138 2927 dextero

140 2951 298 3024 brachio
329 2954 464 3024 missus
493 2951 541 3022 ad
573 2953 702 3023 uncias
726 2966 890 3049 septem,
924 2952 1027 3027 nibil
1057 2957 1138 3043 seri;

142 3094 301 3141 crassam
320 3085 444 3141 autem
462 3084 498 3140 ct
514 3068 644 3140 flavam
662 3068 795 3140 habuit
807 3084 987 3141 crustam.
1005 3076 1139 3146 Naum

142 3202 220 3256 erat
235 3184 410 3282 quidem,
427 3212 507 3257 non
531 3213 574 3257 ea
592 3203 740 3273 tamen,
757 3203 799 3257 ut
821 3184 930 3259 cibus
951 3212 1140 3289 respuere·

142 3313 215 3373 tur.
233 3303 347 3372 Alvus
373 3304 452 3374 sinc
473 3306 642 3376 molestia
661 3304 951 3377 exonerabatur.
971 3309 1059 3381 Nox
1073 3326 1140 3406 pes·

139 3442 240 3490 sima.

189 3537 258 3608 Die
273 3538 381 3608 tertia
397 3535 528 3636 pulsus
540 3535 710 3608 humilis:
722 3551 852 3609 ructus
865 3536 1138 3631 crebri,amari,

141 3653 237 3722 acidi
256 3680 263 3722 :
289 3652 441 3750 loquela
457 3654 563 3749 quasi
580 3679 600 3725 a
618 3653 863 3725 convulsione
875 3658 1028 3729 vitiata:
1044 3678 1138 3741 meus

142 3770 302 3842 subinde
317 3795 396 3841 non
414 3787 611 3860 constans,
637 3786 679 3842 ut
696 3771 822 3842 inania
845 3789 883 3845 et
899 3797 1029 3873 nugae,
1055 3794 1138 3873 quas

144 3911 240 3985 aeger
272 3888 473 3976 narrabat,
500 3886 759 3961 ostendebant.
790 3892 858 3961 Die
887 3909 1024 3989 quarta
1045 3906 1136 3965 artus
