2580 4514
182 368 251 415 nra.
273 367 328 415 111.
347 369 392 415 nr
411 367 545 414 uonms
563 365 732 439 vaurms,
752 367 862 413 rrrsr.
884 364 1033 413 xxxviii.
1066 341 1136 441 589

129 485 312 557 vavimus.
331 486 489 568 Venter,
509 479 576 552 uhi
596 480 773 552 exhausta
795 476 865 551 luit
885 478 1000 552 effusa
1017 505 1137 578 aqua,

127 602 241 697 jecur
261 598 423 686 ostendit
436 599 562 669 multis
580 597 689 684 albis,
709 620 780 668 nec
796 611 920 668 tamen
935 598 1137 696 praeduris,

131 717 348 790 tumoribus
374 717 476 787 intus
510 731 690 812 extraque
714 713 938 801 obsessum3
975 718 1015 785 in
1045 740 1138 813 pau-

133 851 258 909 create
277 851 399 906 autem
417 834 577 905 similem
590 857 728 920 unum,
747 830 811 903 sed
826 832 1019 903 duriorem
1041 834 1138 903 mul·

132 969 254 1051 toque
274 954 477 1050 majorem,
497 969 539 1023 ut
557 950 661 1048 quod
680 967 797 1022 totam
814 950 916 1021 illam
936 950 1138 1046 hujus'vis-

135 1073 233 1145 ceris
255 1069 466 1168 occupabat
496 1084 640 1165 partem
662 1093 736 1167 qua
762 1069 809 1139 ad
833 1062 1051 1139 duodenum
1082 1069 1140 1138 in-

133 1189 319 1262 testinum
332 1213 369 1259 se
380 1188 556 1257 annectit.
569 1187 683 1257 Renis
697 1186 865 1265 alterius,
882 1211 967 1257 nam
981 1186 1141 1257 alterum

135 1331 219 1377 non
238 1305 409 1403 inspexi,
434 1286 649 1375 membrana
668 1304 822 1403 propria
841 1305 1001 1375 crassior
1025 1301 1144 1392 facta,

134 1422 352 1496 trahentem
373 1419 546 1492 facillime
565 1419 812 1517 sequebatur:
832 1420 1026 1491 canaliculi
1048 1446 1143 1517 quo-

119 1566 215 1639 ,que
232 1541 431 1611 crassiores
447 1563 560 1635 quam
573 1538 711 1625 solent,
728 1563 848 1636 eoque
863 1538 982 1607 multo
997 1537 1144 1609 eviden-

135 1660 265 1730 tiores.
293 1661 434 1728 Uterus
463 1657 621 1728 interius
646 1681 725 1727 non
752 1656 848 1727 male
875 1653 1048 1727 habehat.
1072 1655 1144 1728 Sed
1208 1671 1210 1674 ⁴

137 1774 302 1873 exterius
323 1773 440 1844 altero
461 1773 499 1842 in
526 1772 641 1844 latere
670 1764 936 1869 conspicuam,
965 1773 1070 1871 quasi
1100 1796 1147 1843 ex

137 1891 299 1964 vulnere
327 1891 538 1961 cicatricem
566 1889 814 1977 ostendebat,
838 1914 924 1961 cum
946 1892 985 1961 iu
1007 1890 1147 1963 ventris

142 2023 230 2081 cute
250 2007 353 2078 nulla
373 2024 486 2080 esset:
507 2009 546 2078 in
575 2009 689 2080 latere
706 2024 829 2101 autem
849 2009 1023 2106 opposito
1044 2006 1148 2080 haud

142 2125 282 2226 procul
301 2150 321 2196 a
343 2128 485 2196 cervice
508 2127 546 2195 in
562 2124 839 2198 subrutundum
857 2140 1043 2196 tumorem
1060 2151 1150 2223 pro·

141 2242 362 2330 tuberabat,
391 2242 458 2340 qui
485 2268 570 2314 cum
603 2240 772 2338 subjecto
798 2238 904 2312 fundi
928 2243 1067 2340 pariete
1091 2244 1149 2340 ip-

143 2387 231 2436 sum
251 2385 384 2458 magna
400 2375 562 2457 exparte
578 2358 846 2445 concludente,
859 2357 1032 2432 discissus
1044 2360 1149 2432 subs·
1219 2447 1221 2452 Ι

145 2479 305 2552 tantiam
324 2477 494 2549 exhibuit
510 2503 554 2548 ex
570 2475 688 2547 rubro
706 2475 873 2564 lividam,
885 2501 1009 2574 neque
1024 2491 1150 2549 tamen

148 2596 298 2694 reliqua
326 2596 423 2666 uteri
448 2594 650 2665 duriorem.
668 2597 713 2663 In
732 2593 889 2667 testibus
905 2576 1032 2666 vesicae
1052 2619 1152 2667 cras-

148 2738 219 2799 sae,
235 2711 348 2798 alboe,
363 2737 523 2810 quarum
542 2711 581 2780 in
594 2735 704 2783 cavea
724 2710 819 2781 nihil
835 2726 930 2783 erat:
951 2712 1153 2785 multoma-

147 2829 214 2926 jor
234 2853 306 2899 una
330 2854 514 2927 aquosum
534 2827 751 2899 continebat
776 2828 987 2902 humorem.
1007 2829 1154 2902 Thorax

147 2971 284 3032 sanus,
304 2947 375 3017 nisi
393 2945 495 3044 quod
512 2943 688 3034 effusam,
709 2946 781 3017 sed·
794 2970 871 3017 non
887 2946 1063 3034 multam,
1090 2949 1154 3021 ha·

147 3063 265 3136 bebat
279 3088 426 3160 aquam.
444 3063 650 3134 Cerebrum
673 3065 820 3163 egregie
847 3064 1093 3139 constitutum
1118 3083 1156 3140 et

149 3179 304 3252 firmum
324 3207 371 3252 ne
396 3180 494 3251 hanc
513 3179 666 3276 quidem
685 3179 826 3251 habuit.

205 3325 261 3396 ²9·
281 3300 375 3369 Satis
390 3312 469 3369 erat
490 3321 706 3384 causarum,
724 3313 766 3368 ut
779 3314 907 3370 caetera
927 3325 1030 3373 nunc
1051 3304 1157 3376 omit·

149 3435 296 3502 tamus,
318 3416 357 3485 in
378 3429 578 3512 pancreate
608 3428 644 3484 et
670 3415 856 3509 jecinore,
873 3431 953 3488 tum
970 3433 1013 3490 ut
1027 3419 1158 3517 chylus

152 3550 192 3609 et
212 3534 362 3629 sanguis
378 3532 532 3602 minime
554 3557 599 3601 ex
626 3547 767 3609 naturae
798 3533 969 3607 instituto
994 3535 1160 3609 confice·

152 3667 308 3736 rentur,
325 3663 407 3719 tum
429 3663 471 3719 ut
489 3648 672 3746 lymphae,
699 3665 735 3720 et
764 3653 956 3748 sanguinis
977 3668 1100 3726 motus
1120 3657 1161 3728 iu

154 3784 290 3840 ventre
301 3764 521 3837 tardaretur.
533 3767 799 3856 Forteaccidit,
809 3782 851 3839 ut
862 3774 947 3840 cu'm
960 3769 1161 3867 aliquando

153 3887 272 3959 animi
300 3899 336 3954 et
355 3872 564 3955 studiorum
585 3908 695 3957 causa
718 3884 936 3959 adolescens
949 3890 1161 3982 rusticarer,
