2580 4514
192 302 265 354 tra.
287 302 342 353 nr.
371 301 568 379 perionius
587 304 757 366 vaurms,
783 303 893 352 arrsr.
914 265 1051 352 urimur.=
1079 278 1148 370 455
1232 271 1236 289 ¹

139 421 233 493 satis
252 434 368 505 esset,
387 419 537 490 illarum
556 417 858 516 descriptionem.
888 418 1076 490 Vesalium
1096 418 1150 515 (ι)

138 534 298 635 quidem
324 559 409 606 cum
432 534 516 631 lego
538 535 578 603 in
597 535 752 606 Senensi
771 538 802 604 J.
824 537 862 605 C.
890 532 1151 631 duodeviginti

140 652 312 727 calculos
341 651 614 725 describentem
642 649 818 748 trianguli
842 657 1002 748 imagine
1031 645 1151 750 oeq'uis

139 769 311 868 undique
329 775 445 845 castrt-⁴
458 794 505 840 ac
518 770 780 870 superficiebus
785 770 998 860 formator,
1014 785 1149 843 tetrae·

138 885 257 960 drum
288 887 443 985 proprie
479 885 744 969 dictum'mihi
770 884 902 957 videor
924 886 1147 985 intelligere.

139 1004 215 1079 Sed
243 1004 478 1106 cumplures
498 1005 560 1075 alii
586 1009 901 1102 triquetros,„aut
921 1006 1147 1100 triangular,

137 1137 207 1195 aut
222 1122 470 1220 triangulares
482 1122 634 1209 dicunt,
654 1146 779 1219 neque
797 1123 873 1192 scio
891 1121 1078 1219 prismatis
1100 1147 1148 1195 an

136 1238 347 1338 pyramidis
371 1236 492 1312 forma
517 1237 701 1328 viderint,
728 1264 872 1336 neque,
893 1236 1071 1309 utralibet
1092 1240 1148 1310 via

135 1355 289 1444 derint,
316 1354 520 1453 aequalibus
551 1380 599 1426 an
630 1355 875 1452 inaqualibus
896 1354 1018 1452 planis
1042 1379 1148 1426 com-

133 1464 359 1572 prehensos.
395 1476 534 1545 Contra
566 1471 634 1544 ubi
664 1471 866 1544 Greiselius
893 1470 947 1570 (a)
976 1488 1148 1570 repertos

124 1575 273 1664 'scribit
285 1586 434 1688 lapillos
447 1606 611 1688 quatuor
621 1589 783 1697 majores
795 1591 959 1681 cubicas,
971 1615 1047 1660 una
1060 1615 1145 1662 cum

133 1706 480 1780 innumerabilibus
493 1732 589 1805 pene
604 1708 688 1779 aliis
703 1707 880 1794 minimis,
894 1709 1018 1794 etiam,
1031 1733 1149 1806 quan·

133 1840 220 1899 tum
239 1824 366 1897 videre
391 1825 522 1915 licuit,
539 1826 674 1897 cubum
690 1827 954 1918 referentibus;
975 1852 1054 1897 non
1074 1826 1145 1898 du·-

132 1942 221 2019 bito
231 1943 323 2042 quid
338 1941 408 2016 sibi
423 1943 531 2031 velit3
555 1943 687 2015 dubito
709 1959 854 2032 autem,
872 1970 954 2015 cum
974 1946 1052 2033 alii,
1072 1970 1143 2016 nec

133 2062 267 2161 pauci,
284 2059 492 2158 quadratos
512 2064 634 2148 aiunt,
660 2076 723 2132 aut
747 2060 1052 2159 quadrangulos,
1080 2078 1144 2134 aut

133 2176 488 2278 quadrangulam,
504 2178 609 2250 vides
626 2179 724 2249 enim
738 2203 854 2275 quam,
866 2181 967 2250 varia
987 2179 1144 2277 paralle-

131 2295 302 2396 lipipedi
320 2295 378 2367 his
398 2297 542 2393 possint
565 2297 723 2368 vocibus
739 2293 952 2394 significari.
968 2300 1142 2367 Attamen

132 2437 226 2513 cnm
244 2437 309 2485 eos
326 2437 458 2485 omnes
474 2413 638 2486 calculos
651 2415 717 2510 qui
734 2398 834 2511 apud
852 2439 912 2484 me
931 2428 1035 2500 sunt,
1056 2429 1144 2485 sunt
1237 2460 1244 2467 -

128 2546 262 2606 autem
282 2555 395 2627 quam
427 2531 602 2628 plurimi,
634 2531 834 2629 diligenter
867 2532 1044 2629 inspici03
1071 2532 1144 2629 pri·
1218 2575 1224 2594 t

131 2674 245 2723 mum
260 2646 483 2748 perdifficile
497 2674 576 2729 esse
593 2649 779 2747 intelligo,
806 2664 849 2720 ut
866 2647 1046 2744 regularis
1064 2672 1142 2719 om·
1260 2732 1262 2737 Ι

129 2769 231 2841 nino'
254 2765 373 2866 ligura
399 2768 436 2837 iu
463 2766 655 2866 angulosis
684 2766 834 2838 calculis
860 2765 1087 2863 reperiatur,
1106 2781 1143 2838 et

129 2883 325 2967 Vesalium
353 2886 477 2982 ipsum
509 2909 551 2955 ac
579 2885 802 2986 Greiselium
827 2881 957 2973 credo,
983 2881 1142 2954 formam

128 3001 246 3074 illum
261 3029 344 3100 quac
364 3002 411 3075 ad
430 3003 685 3088 tetraedrum,
709 3003 813 3074 hunc
837 3025 918 3100 quae
936 3000 982 3072 ad
1000 3001 1142 3072 cubum

130 3119 352 3209 accederet,
372 3119 570 3219 designare
597 3119 777 3192 voluisse:
793 3118 929 3190 deinde
951 3117 1141 3207 existim0,

132 3237 206 3335 qui
229 3237 477 3335 triangulares
504 3254 569 3309 aut
599 3236 919 3337 quadrangularcs
942 3235 1142 3323 dixerunt,

130 3336 296 3454 figuram
322 3356 505 3428 indicasse
528 3356 575 3427 ad
600 3355 829 3428 tetraedrum
854 3370 919 3427 aut
934 3352 981 3425 ad
1001 3352 1141 3425 cubum

132 3473 429 3572 quomodolibet
459 3472 700 3546 accedentem
728 3473 924 3572 :denique
958 3470 1140 3558 arbitror,

176 3755 222 3835 (ι)
243 3757 337 3833 Epist.
353 3757 389 3813 de
404 3757 467 3812 rad.
481 3757 560 3812 chin.

134 3835 142 3849 l

175 3853 220 3936 (a)
241 3853 319 3934 Eph.
333 3857 372 3915 N.
388 3856 422 3914 Ct
436 3856 499 3914 dec.
516 3857 599 3929 1,A.
611 3855 647 3926 3,
663 3855 728 3915 oba.
743 3853 790 3922 tt.
