2580 4514
107 387 179 435 tm.
200 387 257 434 111.
285 388 330 434 nr
349 385 484 434 uoarrs
504 385 674 449 vaurms,
695 387 805 434 arrsr.
829 386 965 435 xxxvii.
997 360 1062 435 501

59 525 139 571 uon
158 499 426 572 dubitabamus
440 554 449 585 ‚
463 515 509 569 ut
523 499 660 573 diserte
677 513 806 596 postea
819 482 866 568 ab
879 496 1079 570 Hoffmm

58 617 417 714 no(1)expositum
452 620 678 713 est.‚,ltaque
709 616 848 687 icterus
872 642 957 687 cum
978 632 1071 688 tunc

58 735 186 806 solum
199 735 340 831 possit,
361 734 543 830 consequi
558 732 706 831 lapillos
722 734 900 829 cysticos,
915 749 952 804 et
962 733 1070 831 quod

58 851 101 921 hi
115 867 211 923 tunc
227 849 410 922 irritando
427 848 585 938 faciunt,
598 848 637 921 id
651 847 773 922 facere
788 850 887 937 aliae,
902 849 1069 948 alibique

57 969 193 1066 positae
209 992 344 1056 causer,
361 968 509 1066 ipsique
519 968 637 1039 animi
649 965 805 1039 affectus
816 980 977 1065 queaut;
991 992 1070 1037 non

15 1174 17 1178 Ι
58 1087 133 1197 erit
164 1087 278 1184 igitur
295 1085 357 1156 ille
375 1100 602 1183 perpetuum
630 1111 754 1182 neque
783 1086 982 1186 proprium
1002 1084 1071 1169 ho-

57 1202 148 1275 rum
161 1203 378 1301 lapillorum
393 1202 586 1274 indicium.
740 1216 744 1223 '

109 1320 168 1419 36.
198 1324 338 1392 Verum
353 1321 382 1391 si
401 1322 540 1392 icterus
560 1345 639 1392 non
655 1333 731 1408 est,
746 1343 840 1392 num
861 1333 918 1391 est
936 1339 1072 1389 eorum

56 1437 165 1509 aliud
185 1437 340 1534 aliquod
367 1438 554 1535 peculiare
573 1453 609 1509 et
633 1451 862 1536 perpetuum
889 1437 1072 1533 signum?

56 1559 244 1653 Perquam
263 1579 416 1643 vereor,
435 1579 483 1625 ne
502 1554 605 1651 quod
619 1554 780 1626 Fernelii
796 1555 851 1652 (a)
870 1569 1043 1652 tempore
1062 1606 1073 1640 ‚
1184 1632 1185 1638 ἵ

10 1669 14 1686 ’
56 1672 98 1744 id
116 1687 271 1761 nostro,
293 1687 330 1743 et
344 1688 584 1770 posterorum
598 1669 765 1743 futurum
784 1671 851 1761 sit,
869 1672 908 1742 id
927 1686 1001 1755 est,
1020 1696 1071 1742 ne

56 1791 271 1893 mapifiastae
293 1790 536 1860 inveniantur
548 1805 651 1861 notoe
672 1791 806 1886 quibus
823 1788 877 1860 illi
901 1805 1002 1860 certo
1027 1813 1072 1859 ac

51 1907 178 2003 facile
186 1907 311 2004 detegi
322 1915 487 2006 possiam
505 1908 594 1997 sed,
610 1924 650 1980 ut
674 1910 721 1981 de
745 1909 865 1981 ictero
883 1907 1071 1997 vidimus,

57 2026 99 2096 in
112 2028 387 2124 suspicionibus
404 2025 564 2099 haeream
571 2052 624 2100 us.
638 2030 725 2099 Non
736 2052 797 2097 me
811 2025 962 2124 quidem
977 2023 1073 2124 sugit

57 2139 104 2214 cl.
134 2143 237 2214 viros
257 2141 369 2219 fuisse
403 2159 439 2216 et
459 2158 604 2216 veteres
632 2159 669 2215 et
699 2157 888 2230 recentes,
916 2142 1071 2239 quibas

56 2274 172 2332 notas
190 2259 371 2332 laudabili
391 2261 575 2332 industria
601 2261 919 2348 animadvertere,
950 2283 1071 2331 cunc-

59 2379 188 2477 tisque
209 2377 420 2477 approbare
440 2379 565 2449 conati
587 2380 671 2449 sint.
689 2378 880 2448 Coiterum
891 2377 946 2474 (3)
962 2402 1070 2449 nam-

31 2518 140 2594 ..que
157 2496 198 2565 in
214 2496 347 2593 primis
363 2494 475 2566 video
492 2520 577 2568 suas
589 2494 733 2593 aliquot
749 2493 888 2565 horum
908 2494 1073 2584 calculo-

56 2635 147 2683 rum
163 2610 445 2685 observationes
453 2612 637 2711 edidisse,
654 2627 696 2682 ut
711 2637 759 2682 ex
772 2612 818 2683 iis
833 2609 1071 2682 addisceren-

59 2744 126 2800 tur
152 2744 425 2827 symptomata,
454 2731 526 2800 hoc
544 2728 684 2802 malum
708 2733 909 2826 sequentia.
928 2732 1072 2799 Verum
1132 2816 1135 2820 Δ

57 2846 144 2916 haec
169 2846 218 2917 ad
245 2845 468 2929 diuturnum
496 2849 675 2935 ictorum,
703 2847 805 2918 etin
829 2870 905 2917 uua
934 2847 1074 2942 inqua
1152 2866 1155 2875 ·

58 2964 279 3038 communis
296 2965 407 3035 etiam
421 2965 560 3036 canalis
575 2963 791 3037 obstructus
804 2978 900 3051 erat,
918 2962 966 3034 ad
979 2987 1073 3033 con·
1107 3023 1108 3029 ,

62 3082 217 3153 tinuum
237 3080 409 3152 ciborum
433 3083 615 3154 vomitum
635 3082 881 3165 reducuntur.
899 3083 1074 3170 Quorum

60 3199 109 3275 de
132 3199 259 3296 primo
286 3200 373 3272 satis
404 3224 593 3298 superque
614 3182 763 3272 ‘dictum
784 3215 849 3272 est.
870 3201 926 3269 De
956 3198 1076 3288 altero

59 3330 214 3404 autem,
240 3314 287 3386 ab
314 3317 395 3389 aliis
419 3343 574 3414 quoque
608 3333 927 3405 commemorem,
960 3340 1075 3412 quam

62 3457 159 3530 saepe
178 3432 302 3521 absit,
330 3449 366 3504 et
390 3459 410 3504 a
440 3451 533 3532 quot
557 3451 735 3533 praeterea
759 3437 876 3507 causis
903 3448 939 3506 et
960 3457 1076 3531 quam

102 3733 146 3816 (1)
170 3737 203 3792 C.
220 3737 235 3792 3
252 3755 341 3811 supra
353 3737 431 3793 adn.
448 3736 819 3814 15,cit.§19‚etp.l1,s.
836 3755 923 3807 12,c.
940 3739 1072 3806 12,§10.

100 3835 149 3912 (a)
172 3838 206 3892 C.
226 3835 242 3891 5
255 3855 346 3912 supra
358 3839 395 3894 ad
408 3859 438 3894 n.
456 3832 645 3911 13et27201t

100 3936 148 4013 (3)
171 3936 243 3992 Obs.
255 3949 334 3993 anat.
596 3930 599 3935 ’
