2580 4514
158 416 231 462 nur.
261 415 318 462 111.
346 415 393 460 ni:
418 411 553 458 nonnis
579 411 749 475 vrnrnrs,
774 410 886 469 Erisr.
915 412 1012 475 pxiii.
1045 391 1107 472 141

119 514 254 601 sibene
268 526 359 600 ferri
369 541 491 623 coepta
506 539 604 596 sunt.
619 527 708 614 Quae
718 524 822 594 volui
832 526 959 595 omnia
970 526 1113 595 minute
1171 585 1176 592 ,

127 647 287 743 persequi
306 659 342 715 et
366 642 413 714 ad
435 658 470 714 te
496 641 682 729 scribere,
707 643 848 739 quippe
870 667 948 712 non
971 640 1017 712 ab
1041 641 1115 710 alio

136 778 264 861 accepta
280 775 345 832 aut
363 761 402 829 in
422 759 494 829 alio
510 758 788 845 animadversa,
809 757 872 829 sed
892 783 911 828 a
931 762 1041 829 mein
1054 784 1114 831 me

138 879 198 976 ipso
217 893 413 977 percepta,
441 900 577 973 eaque,
599 876 629 946 si
647 890 783 946 cuncta
803 876 1002 974 diligenter
1026 900 1115 946 con-

141 995 263 1083 utens,
279 993 381 1096 apud
397 1018 461 1065 eos
475 993 601 1089 quide
616 991 814 1098 diarrhoeis
833 995 1030 1089 scripsere,
1047 994 1116 1060 mi-

143 1111 327 1198 pischeria,
345 1137 392 1182 ne
408 1111 542 1183 Carolo
552 1109 706 1206 quidem
723 1111 855 1181 Pisone
871 1124 1040 1205 excepto,
1053 1111 1117 1204 qui

139 1231 317 1324 perfectam
333 1229 445 1325 hujus
458 1227 662 1297 diarrhoeoe
677 1227 691 1322 (
706 1225 879 1323 aquosae)
903 1225 1116 1323 descriptio-

146 1367 205 1415 nem
220 1346 359 1442 dicitur
372 1343 516 1415 dedisse
530 1341 597 1440 (ι).
617 1347 667 1412 Ut
685 1344 785 1413 enim
806 1357 927 1413 totum
948 1343 1051 1439 quod
1071 1345 1118 1414 si-

144 1461 369 1542 uideuatur,
391 1476 503 1559 caput
523 1461 692 1558 perlegas
712 1458 760 1530 de
775 1459 968 1530 diarrhoea
990 1485 1118 1530 serora

143 1575 342 1678 inscriptum
353 1577 427 1676 (α),
442 1602 567 1649 casum
585 1602 699 1674 quern
716 1603 802 1648 curn
817 1601 901 1648 meo
913 1601 1119 1675 compares

142 1717 203 1764 non
215 1696 387 1793 reperies,

178 1838 224 1883 ιο.
243 1814 360 1909 Cujus
372 1813 402 1884 si
415 1809 510 1882 forte
527 1835 655 1882 causas
673 1812 828 1907 quaeris,
850 1811 1064 1908 primariam
1081 1812 1121 1879 in

139 1930 331 2008 ventriculo
359 1926 471 2000 fuisse
497 1927 629 1999 vides:
650 1952 722 1998 nec
743 1926 874 1998 dubita
896 1929 988 2025 quin
1007 1929 1124 2025 possit

135 2046 172 2119 ah
196 2049 452 2132 irritamento,
480 2045 734 2116 ventriculum
767 2041 974 2134 afficiente,
998 2061 1124 2116 motus

133 2179 162 2235 et
170 2165 350 2252 irritatio,
374 2162 475 2233 unde
492 2162 563 2233 seri
583 2162 771 2259 expressio
792 2176 865 2248 est,
887 2161 934 2232 ad
949 2163 1124 2233 intestina

131 2283 333 2380 propagari.
363 2281 510 2376 Inspice
534 2304 610 2377 prae
630 2279 767 2350 caeteris
789 2284 844 2348 Jo.
869 2278 1037 2364 Riolani‚
1060 2305 1124 2377 pa·

130 2415 270 2473 rentem
301 2397 408 2486 dico,
436 2395 755 2484 observationem,
781 2420 894 2493 quam
922 2382 983 2467 hic
1013 2397 1125 2468 etiarn

128 2514 238 2590 babes
256 2518 297 2586 in
313 2513 559 2613 Sepulchreto
581 2512 656 2610 (3):
678 2528 887 2583 matronam
911 2513 1055 2585 videbis
1070 2517 1126 2584 in-

128 2648 178 2706 tra
194 2633 311 2704 horas
324 2633 473 2703 circiter
491 2629 777 2728 quatuordecim
796 2632 997 2703 extinctam
1012 2629 1127 2726 dejec—

127 2751 295 2823 tionibus
312 2748 489 2819 similibus
505 2773 616 2845 aquae
635 2748 759 2835 albae,
776 2748 938 2840 chylosae
956 2746 1126 2844 quidem,

125 2869 189 2941 sed
200 2865 358 2967 liquidoe
377 2891 419 2937 ea
436 2866 544 2963 copia
556 2880 597 2936 ut
617 2865 786 2963 impleret
802 2889 977 2960 magnam
989 2862 1130 2962 pelvim

126 2990 270 3083 quoties
290 2982 490 3080 dejiciebat
497 3009 512 3069 ‚·
535 3006 685 3053 causam
707 2997 828 3053 autem
848 2982 946 3052 hanc
971 3005 1049 3052 esse
1071 3007 1128 3052 re-

127 3117 294 3201 pertam,
319 3098 565 3171 ventriculum
599 3106 637 3169 in
663 3125 731 3170 suo
748 3098 878 3191 fundo
911 3088 1127 3170 ulceratum.

129 3218 200 3292 Sed
218 3216 414 3290 undenam
431 3231 653 3313 tantaequae
671 3218 803 3315 copia?
821 3215 933 3307 Quod
948 3215 993 3286 ad
1005 3241 1132 3287 meum

131 3337 288 3435 quidem
313 3335 445 3405 attinet
467 3358 613 3422 casum,
638 3333 712 3404 hoc
739 3336 903 3431 primum
924 3334 1066 3420 dicam,
1092 3360 1134 3405 ea

169 3650 214 3729 (r)
235 3649 308 3706 Vid.
320 3667 478 3705 commerc.
491 3650 580 3705 litter.
592 3667 638 3705 an.
653 3649 727 3718 1734
737 3689 746 3719 ,
757 3648 848 3703 hebd.
858 3653 894 3712 [μ
905 3659 984 3721 post.
993 3666 1073 3703 num.
1082 3650 1137 3704 ΙΙΙ.

171 3751 215 3829 (n)
237 3751 366 3808 Observ.
392 3749 429 3805 de
450 3749 610 3823 protervis.
635 3746 750 3806 hasten.
767 3748 881 3805 morbis
898 3748 937 3803 ab
951 3766 1029 3822 aqua
1048 3749 1120 3804 ortis
1130 3790 1138 3818 ‚

137 3861 204 3907 sect.
219 3858 258 3919 Δ,
277 3869 303 3904 c.
326 3869 353 3904 1.

176 3948 219 4027 (3)
240 3950 321 4006 Sect.
343 3965 397 4016 io,
411 3946 475 4002 obs.
493 3947 537 4005 18.
