2580 4514
196 432 264 477 mr.
286 429 339 474 111.
362 429 406 472 nn
426 427 560 474 nonnis
577 427 747 487 virumn,
767 429 877 476 rrrsr.
896 429 1047 476 xxxvur.
1075 408 1144 505 697

145 569 296 642 aequans
312 542 623 641 magnitudinem,
643 557 679 612 et
688 540 839 638 pondus
847 567 1026 640 superans
1037 544 1146 617 libra·

145 687 230 733 rum
253 663 438 759 quinque,
464 659 528 767 sed
550 686 595 731 ex
620 684 696 730 una
717 660 922 756 eademque
953 678 1146 761 compacta

144 779 287 877 ubique
304 776 527 867 substantia,
548 793 613 847 aut
631 801 716 848 cum
741 777 811 849 alia
827 779 867 848 in
886 777 1023 851 femina
1044 781 1144 851 idem

143 896 270 972 morbi
284 921 401 993 genus
419 897 458 966 in
472 896 600 965 ovario
617 895 734 966 altero
750 897 943 993 conspexit
958 897 1088 993 pondo
1102 899 1145 969 li·

142 1016 298 1086 brarum
317 1017 464 1086 circiter
478 1013 764 1110 quatuordecim
779 1040 787 1084 :
804 1013 919 1085 sedet
933 1013 1026 1086 alius
1043 1014 1145 1085 modi

142 1149 309 1204 tumores
325 1130 466 1202 ibidem
485 1130 587 1202 hard
601 1133 787 1216 rarissime
806 1147 1033 1221 occurrunt,
1049 1147 1155 1203 stea-
1186 1185 1191 1195 .
1245 1155 1247 1158 ’

140 1267 245 1322 toma¹
262 1252 301 1320 in
318 1250 449 1346 primis
463 1249 698 1344 (cujusmodi
713 1264 750 1319 et
766 1249 859 1319 mihi
870 1250 924 1347 (ι)
938 1273 976 1320 se
994 1248 1152 1343 obtulit)

110 1457 112 1461 A
140 1368 245 1464 quod
263 1391 536 1464 nonnunquam
551 1367 669 1437 ovarii
678 1366 888 1465 hydropem
901 1369 1051 1438 mentiri
1062 1421 1072 1454 ,
1083 1366 1153 1437 ad·-

140 1487 287 1556 monuit
307 1480 540 1557 Schacherus
555 1485 625 1581 (2).
643 1489 699 1554 Tu
720 1509 809 1556 vero
832 1511 912 1582 quae
935 1500 1145 1556 antecesse-

139 1604 235 1690 rint,
253 1617 289 1673 et
306 1628 388 1699 quae
406 1603 653 1688 comitentur,
672 1602 828 1672 solerter
841 1603 967 1673 omnia
981 1626 1151 1700 perpen-·

139 1721 255 1807 dens,
283 1735 374 1792 tunc
399 1718 543 1790 facilius
568 1718 819 1817 hydropicum
850 1745 928 1793 esse
954 1736 1166 1797 tumorem,

142 1835 407 1937 suspicaberis,
425 1861 510 1907 cum
525 1850 778 1933 temperatura
798 1837 992 1934 corporis,¹
1004 1839 1157 1930 rictus,·'

140 1952 265 2045 morbi
281 1952 420 2026 fuerint
438 1968 501 2024 aut
523 1955 598 2025 sint
623 1953 784 2051 quibus,
802 1954 978 2025 mulieres
1005 1955 1052 2024 ad
1074 1953 1175 2051 hya*

138 2070 298 2167 dropem
317 2072 677 2168 disponantur.-Qua
700 2085 824 2153 autem
839 2071 1004 2155 ratione,
1023 2072 1143 2166 conji-

139 2212 224 2259 cere
242 2188 367 2283 potius
386 2186 523 2258 debeas
539 2209 674 2281 aquam
699 2187 798 2257 inter
814 2186 1004 2257 musculos
1024 2202 1060 2257 et
1079 2212 1143 2286 pe·
1236 2217 1238 2221 ’

137 2303 356 2389 ritonaeum,
375 2326 488 2398 quam
507 2302 605 2372 intra
631 2300 706 2371 hoc
727 2326 806 2373 esse
825 2317 1057 2401 congestam,
1082 2326 1152 2398 su·-

137 2445 206 2517 pra
219 2418 290 2516 (3),
309 2433 495 2516 quantum
512 2420 552 2490 in
572 2418 757 2514 ejusmodi
772 2418 915 2491 morbis
929 2421 1032 2508 licet,
1050 2413 1155 2490 indi-²

136 2562 222 2608 care
242 2536 367 2608 conati
386 2560 534 2627 sumus,
552 2552 589 2607 et
614 2536 752 2634 siquid
771 2537 818 2607 ad
838 2537 1029 2634 hydropes
1050 2538 1141 2610 alios

137 2679 205 2752 per
235 2654 354 2726 levem
384 2654 513 2725 saltem
547 2654 803 2749 conjecturam
831 2655 1155 2741 internoscendos=

136 2769 247 2842 nobis
265 2771 407 2842 interea
427 2784 491 2841 aut
510 2769 721 2868 legentibus
744 2786 932 2861 occurret,
956 2789 1020 2844 aut
1040 2775 1162 2871 cogi-¹

137 2887 304 2960 tantibus
321 2891 360 2958 iu
381 2901 546 2960 mentem
565 2889 707 2976 veniet,
734 2890 914 2985 proximis
936 2890 1068 2962 litteris
1083 2889 1139 2988 (d)
1208 2948 1214 2962 .

138 3030 217 3075 non
232 3020 458 3077 omittemus.
982 3026 986 3033 ’
1128 3020 1136 3033 “

187 3122 245 3192 68.
265 3121 377 3211 Quod
392 3124 422 3193 si
436 3119 588 3193 difficile
605 3136 661 3194 est
670 3120 860 3219 hydropes
870 3176 880 3208 ‚
890 3146 985 3219 quos
1000 3147 1139 3195 memo·

136 3238 319 3327 ravimus,
335 3241 611 3333 internoscere,
624 3237 745 3310 multo
754 3255 813 3335 est
821 3237 1007 3329 difficilius
1020 3265 1140 3337 persa·
1165 3268 1174 3277 ··

136 3381 237 3428 nare.
258 3358 336 3427 Nec
349 3380 440 3427 vero
461 3356 562 3427 dicas
580 3356 699 3454 ipsam
723 3356 927 3429 ostendisse
945 3372 1135 3447 naturam;
1183 3378 1186 3383 ·
