2580 4514
137 332 208 424 (86
264 340 267 345 ’
304 357 349 402 rr
376 353 521 401 sroirns
546 352 590 399 rr
615 350 737 400 crosrs
763 348 979 403 norinorum

136 497 206 570 per
225 485 260 541 te
275 469 416 567 poteris
435 496 442 537 ε
466 493 536 539 neo
547 490 639 538 vero
653 466 926 566 suspicaberis,
938 470 979 540 in
994 483 1049 541 tot
1063 464 1126 542 aliis

137 590 254 688 ipsius
274 587 439 659 historiis
453 587 492 654 in
513 585 652 682 quibus
673 585 776 656 nulla
791 587 904 659 icteri
921 589 1063 659 mentio
1075 604 1127 674 est,

138 708 242 779 hunc
257 704 410 777 sortasse
431 728 509 774 non
529 700 713 791 defuisse,
732 703 1126 802 quando‘unimadver-

138 827 247 908 teris,
268 824 334 893 nbi
353 823 498 893 illarum
515 844 699 893 summam
716 820 881 920 colligit(
890 834 947 918 ι),
963 821 1127 912 scribere,

139 943 212 1013 hos
230 941 394 1013 calculos
406 937 632 1040 plerumque
646 940 785 1038 absque
805 938 929 1011 ictero
955 964 1032 1012 esse
1043 995 1053 1028 ‚
1073 962 1137 1038 pet-

139 1065 394 1157 enperimenta
407 1082 476 1129 sna
496 1071 678 1127 constare.
695 1061 876 1143 Caeteros4
893 1072 933 1128 et
950 1059 990 1129 in
1008 1057 1066 1129 his
1073 1061 1129 1128 Va·

135 1191 258 1248 terum
275 1177 328 1269 (α)
345 1177 465 1247 scions
482 1175 635 1262 omitto,
651 1190 738 1245 cum
758 1174 804 1245 ad
820 1196 1004 1273 eosquos
1021 1177 1126 1247 nomi·

139 1295 244 1382 navi,
263 1319 340 1364 non
361 1293 445 1364 illos
462 1307 607 1364 tantum
623 1291 759 1363 addere
777 1306 957 1391 oporteat
980 1295 1130 1391 quosir·

140 1411 194 1483 fra
220 1413 273 1508 (3)
293 1411 477 1482 adducam
508 1424 702 1498 testantes,
729 1434 766 1482 se
801 1434 888 1481 cum
925 1411 973 1484 iis
998 1408 1130 1482 calculis

141 1531 281 1602 nullam
305 1552 479 1627 prorsum
498 1552 635 1598 noxam
648 1528 890 1624 conjunctam
903 1528 1065 1617 vidisse,
1081 1525 1131 1599 sed

140 1648 225 1719 iilos
242 1649 351 1718 etiarn
373 1647 438 1744 qui
459 1669 546 1716 cum
566 1634 983 1743 incommodi-'reliqua
1009 1646 1132 1718 descri-

140 1764 254 1853 bant,
272 1780 336 1834 aut
350 1778 561 1835 memorent
573 1780 704 1834 eorum
718 1764 757 1833 in
772 1762 916 1859 quibus
931 1763 1063 1860 cystioi
1074 1758 1135 1832 fue·

141 1896 232 1951 runt
244 1881 386 1978 lapilli,
404 1883 585 1969 interum,
605 1880 708 1978 quod
730 1881 860 1973 vitium
880 1882 923 1951 in
943 1872 1076 1952 oculos
1088 1879 1135 1950 ui-

38 1978 41 1985 ·
141 2013 202 2068 tro
219 1998 460 2085 incurrisset,
477 1999 635 2069 omnino
652 2000 1000 2096 praetermiserunt‚
1017 2000 1057 2068 in
1071 1997 1137 2095 qui·

141 2115 212 2186 bus
232 2115 312 2185 noli
336 2112 512 2204 credere,
538 2115 901 2188 tantummono-esse
922 2115 1136 2188 Reverhors-

140 2233 233 2303 tium
256 2238 334 2323 (Δ),
360 2233 563 2304 Contulum
582 2231 662 2330 (5),
687 2232 901 2305 Riedliuum
934 2233 1019 2331 (6),
1053 2227 1136 2304 Hoff-

134 2375 322 2421 mannum
348 2352 434 2447 (7),
461 2353 627 2424 Bassium
651 2351 738 2448 (8),
759 2350 929 2450 aliosque
957 2374 1002 2424 ex
1036 2350 1137 2448 magis

142 2454 367 2540 recentibus.
387 2468 674 2566 Sepulchretum
698 2470 878 2543 duntaxat
896 2495 1021 2543 versa.
1043 2474 1137 2540 Iuro

141 2587 221 2657 nies
231 2589 813 2683 Bonetum(9),Mortonum(1uj,
822 2584 1138 2686 Greiselium(11),

177 2905 221 2983 (1)
242 2907 319 2963 lbid.
331 2906 401 2962 hist.
415 2927 460 2963 10.
737 2964 745 2973 ,

129 3075 131 3079 y
179 3005 223 3084 (2)
243 3006 321 3063 Diss.
336 3024 426 3081 supra
438 3008 486 3062 ad.
498 3026 527 3062 n.
542 3007 577 3063 16
590 3007 640 3064 cit.
655 3009 727 3064 thes.
741 3027 769 3083 9.

177 3105 220 3183 (3)
241 3109 279 3163 N.
296 3107 333 3163 38
350 3116 378 3162 et
392 3087 453 3182 seq.

176 3205 220 3282 (4)
240 3207 318 3262 Diss.
333 3226 420 3280 supra
434 3207 484 3263 cit.
498 3208 536 3263 ad
549 3227 578 3261 n.
596 3207 641 3262 16,

178 3301 220 3380 (5)
242 3309 313 3360 Loc.
334 3325 422 3380 supra
438 3307 476 3362 ad
489 3327 517 3361 n.
533 3308 568 3361 23
585 3306 635 3362 cit.
653 3324 680 3362 c.
695 3305 740 3363 25.

175 3404 221 3480 (6)
240 3401 315 3478 Eph.
334 3406 370 3460 N.
386 3408 418 3461 C.
433 3417 510 3462 cent.
527 3408 559 3463 3.
574 3407 639 3464 obs.
655 3405 703 3475 45.

177 3502 220 3580 (7)
241 3506 314 3578 Cap.
328 3524 419 3580 supra
430 3508 468 3562 ad
481 3526 511 3561 n.
528 3505 562 3562 15
577 3507 628 3562 uit.
645 3507 708 3563 obs.
725 3525 751 3561 1.

177 3601 218 3682 (8)
240 3607 311 3662 Dec.
327 3612 360 3674 Δ,
377 3607 441 3662 obs.
456 3617 533 3661 anat.
550 3626 578 3681 9.

207 3706 273 3782 )L.
295 3725 329 3776 2,
344 3714 415 3775 su,
435 3706 498 3762 obs.
514 3706 561 3763 35.
622 3742 624 3747 ,

208 3801 237 3881 ο)
260 3807 291 3861 S.
307 3825 339 3876 7,
354 3806 419 3860 obs.
436 3807 483 3873 43.

210 3902 235 3982 ι)
259 3907 290 3963 S.
306 3925 358 3976 11,
373 3907 435 3961 obs.
455 3905 500 3970 46.

174 3739 185 3878 i

173 3903 185 3978 <

187 3725 206 3779 9

191 3825 201 3860 1

190 3925 200 3959 1
