2580 4514
108 411 177 456 nm.
192 409 253 454 ιιι.
272 409 320 454 me
338 407 792 470 monuisseurn1s,nmsr.
810 410 962 458 xxxvm.
989 389 1064 487 675

57 524 217 608 certius,
244 535 282 593 et
306 545 375 620 per
391 523 612 598 anatomen,
634 522 956 616 quemadmodum
984 525 1063 598 lere

58 642 181 727 sulec,
202 636 466 710 confirmatum
490 637 703 734 exemplum
720 637 929 735 proferam,
948 642 1065 740 idque

57 784 103 829 ex
118 757 245 855 praeci·
264 755 535 852 linborn'ioli).
558 752 815 844 Adolescenti,
833 759 899 854 qui
912 784 958 829 eo
976 757 1063 831 suci·

56 876 133 947 lius
147 875 321 946 asciticus
340 872 588 957 credebatur,
606 871 711 968 quod
728 898 807 943 non
823 875 939 944 semel
955 892 1067 950 antea
1083 901 1087 906 ·

56 1015 102 1064 ex
120 1015 295 1063 enasarea
314 989 563 1076 laboraverat,
582 1014 668 1060 cum
694 990 741 1059 ad
768 993 888 1088 pugni
904 991 1069 1064 altitudi-

56 1133 149 1181 nem
174 1110 396 1182 excrevisset
409 1107 628 1195 umbilicus,
648 1131 769 1205 eoque
786 1133 855 1206 per
873 1134 910 1180 se
929 1126 1068 1208 ruptus

31 1229 131 1298 'seri
160 1228 369 1325 plurimum
397 1223 643 1323 profudisset,
670 1240 711 1296 ut
735 1227 814 1321 jam
839 1230 975 1299 sanitas
1003 1255 1086 1302 re·.

55 1345 168 1416 diisse
183 1344 395 1433 videretur,
413 1368 546 1415 rursus
563 1357 689 1413 aute-m
702 1359 787 1440 post
804 1343 901 1416 duos
917 1369 1067 1419 menses

54 1463 221 1533 collecto
237 1462 402 1532 humore
416 1445 575 1534 existeret
590 1460 792 1533 umbilicus
805 1516 815 1546 ‚
833 1486 997 1561 eumque
1010 1463 1068 1535 el-

54 1577 246 1668 funderem
266 1581 416 1651 tertium
437 1577 574 1649 deinde
588 1593 733 1666 tumor,
745 1581 812 1674 qui
832 1579 889 1651 bis
903 1606 1062 1653 evanue-

55 1712 133 1784 rut,
152 1697 341 1769 abdomen
358 1695 560 1784 distendit3
576 1695 640 1766 sed
656 1697 734 1792 jam
756 1695 962 1770 tabescenti
978 1724 1065 1796 pro·

56 1814 164 1887 fusus
176 1817 346 1887 similiter
357 1816 456 1886 latex
465 1813 643 1884 adversus
659 1829 820 1884 mortem
835 1817 974 1888 auxilio
984 1842 1065 1890 ndu

57 1931 139 2004 fixit.
167 1934 351 2006 Dissectiu
378 1931 474 2002 nihil
502 1933 575 2002 seri
602 1933 644 2000 in
667 1933 808 2004 ventris
835 1955 970 2019 cavea,
996 1935 1062 2008 sed

57 2049 246 2149 quidquid
261 2076 305 2122 ex
322 2050 386 2121 illo
415 2050 605 2145 reliquum
622 2063 719 2134 erat,
736 2054 834 2117 inter
850 2048 1063 2146 duplicatu-
1085 2056 1095 2125 ,·“

57 2191 144 2238 ram
158 2171 365 2264 peritoncei
386 2163 655 2261 deprehendit,
674 2161 741 2232 ubi
757 2178 792 2232 et
807 2163 908 2234 illius
923 2163 1069 2256 fonteS,

46 2278 185 2383 pheres
201 2281 372 2357 videlicet
389 2277 540 2370 nebulus
561 2277 829 2376 lymphaticum
848 2303 914 2350 ceu
942 2282 1064 2353 nodu-
1093 2352 1096 2357 ,

57 2401 120 2472 los
130 2396 393 2496 glandulosos,
410 2402 477 2495 qni
499 2394 693 2494 limpidam
701 2401 828 2493 pressi
831 2396 1065 2495 plorabant,

59 2515 238 2588 ostendit.
258 2519 347 2608 Qua
375 2512 496 2586 fusius
512 2512 624 2587 retuli
649 2529 851 2611 propterea
879 2516 1065 2613 quiahoc

58 2634 154 2705 illud
178 2658 302 2707 unum.
330 2633 512 2731 hydropis
544 2631 738 2730 peritonaei
768 2633 978 2730 exemplum
1010 2650 1065 2707 est

60 2751 166 2848 quod
178 2751 361 2824 hactenus
378 2749 471 2820 mihi
493 2748 647 2846 quidem
672 2748 777 2820 licuit
795 2750 835 2819 in
857 2750 954 2820 virili
974 2774 1079 2824 senn-

61 2869 238 2966 eeperire.
264 2870 359 2939 Nam
380 2866 483 2965 quod
502 2865 573 2937 tibi
589 2867 628 2935 in
648 2880 812 2936 mentem
836 2870 965 2939 venire
991 2866 1066 2938 for·

62 3001 160 3058 tasse
172 3001 300 3083 posset
312 3010 438 3057 casum
451 2985 591 3082 legenti
608 2984 732 3054 eximii
745 2984 816 3052 viri
834 2984 889 3080 (2)
902 2987 963 3055 cui
982 3000 1073 3085 post

62 3100 206 3175 febrem
219 3127 308 3173 cum
319 3103 438 3174 colica
451 3103 568 3201 gravi,
584 3100 642 3171 bis
654 3100 951 3191 declinantibus,
966 3104 1066 3188 intu-

64 3235 214 3294 muerat
226 3235 378 3309 venter,
398 3220 584 3291 detumuit
593 3233 718 3290 autem
733 3242 819 3287 cnm
833 3235 966 3316 sponte
975 3246 1067 3320 rup-
1171 3273 1174 3285 ,

64 3354 151 3427 tus,
165 3338 244 3433 jam
258 3353 367 3409 antea
380 3339 623 3436 prominens,
641 3333 843 3407 umbilicus
861 3341 1012 3433 triginta
1032 3354 1072 3408 et
1196 3334 1199 3346 '

64 3453 184 3524 multo
205 3455 368 3554 amplius
391 3455 505 3526 libras
515 3457 626 3552 puris
639 3457 723 3557 veri
739 3468 776 3523 et
776 3453 1016 3544 fetidissma,
1031 3471 1069 3528 et

64 3571 248 3671 deinceps
258 3597 412 3672 quoque
429 3595 509 3683 uon
523 3590 692 3669 paucum
700 3567 850 3659 elludit,
870 3571 1073 3667 superstite

105 3872 151 3952 (1)
171 3873 245 3950 Eph.
258 3877 295 3931 Ν.
310 3877 342 3932 C.
360 3886 436 3932 cent.
448 3895 484 3951 9,
503 3876 567 3930 obs.
584 3892 656 3943 100,
672 3890 704 3927 na
722 3890 749 3926 α.

108 3971 150 4054 (2)
172 3977 335 4035 Commerc.
351 3976 442 4033 litter.
453 3994 502 4032 an.
517 3973 608 4050 1735,
619 3972 708 4031 hebd.
721 3972 757 4043 37
766 4010 776 4044 ,
792 3982 823 4028 u.
838 3986 865 4025 π.
885 4011 888 4019 ,

859 4069 923 4156 u*
965 4167 978 4189 x
