2580 4514
109 387 179 435 mr.
199 387 255 434 111.
276 387 322 434 ou
340 386 477 434 uonnrs
492 362 664 450 vnurnrs',
682 387 793 434 narsr.
810 387 962 436 xxxvur.
992 363 1061 462 569

51 522 146 572 rum
167 501 422 597 exemplorum
449 500 608 571 alterum
636 515 691 570 est
708 501 856 572 Lentilii
878 508 950 594 (1),
970 504 1062 574 alte·
1168 540 1169 544 ¹

54 643 145 693 rum
166 619 210 689 cl.
231 617 537 716 Cohausenii(2).
558 621 641 688 Non
656 629 781 688 tamen
797 616 961 700 diffiteor
980 646 1063 718 quae

54 737 150 807 vitia
180 735 239 807 his
265 735 470 816 visceribus
502 750 566 807 aut
594 738 807 833 pauereati,
839 726 1091 810 mesenterio'
1146 762 1155 777 ·

53 853 190 934 ,aliisve
204 853 373 951 partibus
383 870 514 925 ventre
527 853 713 926 conclusis
722 855 830 924 initio
843 880 920 924 non
930 869 1064 942 essent,

58 995 104 1042 ea
119 994 250 1068 posse,
268 970 440 1070 hydrope
462 968 602 1042 diutius
626 985 839 1068 protracto,
860 971 1065 1068 aliquando

56 1088 202 1160 induci.
228 1089 299 1158 Sed
323 1087 462 1159 indicia
488 1112 582 1185 saepe
607 1104 694 1158 sunt
721 1112 763 1159 ea
789 1089 873 1158 vitia
899 1103 1064 1161 anteces-

42 1189 172 1291 sisse,
208 1207 283 1276 sive
309 1206 436 1275 omnia
458 1219 676 1303 spectentur
705 1230 787 1301 quae
813 1229 951 1302 aegrum
979 1195 1064 1276 ante

59 1322 274 1421 hydropem
297 1321 392 1393 male
414 1322 635 1410 habuerint,
658 1323 733 1394 sive
760 1322 926 1418 quadam
949 1337 1064 1394 atten-

58 1439 200 1511 dantur
230 1464 312 1536 quoe
342 1455 549 1512 occurrunt
582 1441 621 1509 in
653 1441 793 1510 mortui
821 1439 1064 1527 dissectione,

55 1556 165 1627 ¹velut
183 1559 353 1653 proxima
371 1556 551 1628 iudicabit
564 1556 730 1628 historia.

111 1698 168 1744 so.
194 1675 330 1744 Mulier
348 1673 520 1772 hydrope
542 1676 653 1745 ascite
681 1673 923 1745 laboraverat.
952 1669 1065 1744 Cada-

58 1816 126 1862 ver
143 1791 368 1881 incidendo,
397 1791 500 1862 nulla
532 1793 603 1861 nisi
625 1792 766 1863 ventris
786 1815 896 1863 cavea
913 1782 1065 1862 inventa

58 1922 116 1979 est
146 1903 228 2004 quae
255 1922 351 1980 esset
376 1933 480 2004 aquae
506 1909 627 2006 plena.
663 1912 843 1981 Intestina
874 1934 965 1983 aere
987 1931 1064 1979 non

58 2040 168 2096 erant
185 2025 355 2096 distenta.
381 2030 506 2122 Hepar
531 2041 654 2096 autem
680 2042 759 2097 erat
787 2026 946 2112 durum,
968 2024 1064 2119 ejus-

58 2166 135 2240 que
152 2122 315 2243 vesicula
334 2142 519 2240 lapidem,
548 2167 661 2212 omne
692 2143 773 2239 ejus
803 2166 933 2214 cavum
954 2166 1063 2214 occu·

56 2273 214 2357 pantem
230 2259 457 2331 continebat.
475 2258 652 2356 Lymphae
672 2257 808 2330 ductus
826 2258 932 2329 nullo
949 2258 1064 2329 modo

57 2375 303 2475 apparebant.

69 2542 72 2547 -
109 2521 167 2566 αι.
191 2499 274 2564 Haec
292 2518 368 2564 una
387 2507 441 2565 est
464 2519 509 2564 ex
529 2493 685 2590 reliquis
702 2492 775 2564 illis
794 2492 971 2564 Valsalvae
995 2493 1065 2564 ob-

57 2610 335 2684 servationibus
367 2635 461 2709 quas
492 2610 561 2682 tibi
591 2611 748 2708 epistola
778 2611 971 2707 'superiore
1003 2609 1072 2709 (3)

56 2729 250 2828 pollicitus
271 2753 373 2817 sum,
390 2744 432 2798 ut
450 2728 562 2826 plaue
586 2728 816 2826 intelligeres
848 2752 926 2798 non
950 2729 1065 2825 magis

58 2845 188 2917 abillo
205 2842 355 2943 quam'a
369 2870 453 2934 me,
474 2848 619 2943 regium
645 2844 821 2915 morbum
844 2845 955 2938 simul
978 2870 1066 2916 cum

59 2963 174 3060 cystis
208 2961 323 3034 felleae
360 2963 511 3034 calculis
543 2961 656 3033 luisse
682 2961 913 3032 adnotatum.
949 2964 1066 3032 Porro

60 3082 189 3152 minus
214 3081 414 3173 verifimile
430 3095 485 3152 est
498 3090 643 3151 tantum
666 3079 827 3177 lapidem
847 3104 964 3149 nona
984 3072 1067 3151 lou·

60 3199 215 3295 gissimo
236 3199 344 3268 antea
364 3213 533 3295 tempore
551 3196 662 3268 fuisse
680 3196 918 3287 inchoatum,
945 3211 985 3268 ut
999 3196 1065 3270 de-

59 3341 167 3387 mum
191 3316 237 3386 ad
266 3331 382 3396 totam
407 3317 537 3413 cystim
568 3314 796 3413 oppleudam
826 3316 1064 3412 perveniret:

61 3456 155 3521 nec,
172 3432 277 3530 quod
293 3434 560 3531 consequitur,
575 3434 654 3504 sine
676 3433 832 3530 antiquo
848 3433 939 3503 vitio
954 3429 1065 3504 fuisse

103 3731 149 3808 (ι)
169 3728 245 3807 Eph.
258 3735 296 3790 Ν.
310 3735 342 3790 C.
357 3744 433 3790 cent.
454 3751 466 3788 1
483 3743 511 3788 et
526 3750 559 3803 a,
572 3731 637 3788 obs.
652 3731 717 3788 168.
772 3724 776 3729 ’

103 3831 148 3909 (2)
170 3834 335 3890 Commerc.
350 3834 440 3890 litter.
453 3851 500 3890 an.
516 3832 607 3904 1743,
621 3827 710 3888 hebd.
726 3829 780 3903 25,
792 3849 823 3887 n·
838 3848 873 3902 a,
887 3848 946 3886 cas.
960 3829 987 3886 3.
1048 3812 1054 3833 ‘

105 3929 150 4010 (³)
170 3935 208 3993 Ν.
232 3933 294 3990 2ss
