2580 4514
166 371 237 418 mn.
266 372 323 418 111.
351 372 398 418 nn
424 370 1015 434 uona1svnuan1s,nn1sa.xxxi.
1057 349 1126 421 165
1163 349 1171 368 ⁸

116 483 286 584 corporis
311 486 477 555 membru
501 491 639 582 quaevis
668 501 888 583 occupante,
914 466 955 555 ut
981 486 1122 556 nullam

117 598 196 673 fere
218 627 259 674 se
276 601 454 673 movendi
472 599 688 673 facultatem·
703 601 877 688 haberet,
898 603 936 671 in
955 602 1019 673 illo
1035 604 1124 674 alias

117 735 300 816 praeterea
326 744 454 790 causas
478 719 567 808 alvi,
587 721 656 790 nisi
675 721 900 803 irritaretur,
921 719 1122 807 adstrictae,

117 843 352 934 magnopere
371 863 450 907 non
474 834 583 908 fnisse
603 837 831 933 quaerendas.
855 829 996 907 Verum
1017 853 1059 907 ut
1076 838 1123 908 ad

117 956 392 1042 excrescentias
411 981 493 1051 quae
517 970 615 1025 certe
641 956 680 1022 in
702 979 795 1043 cavo
815 970 938 1025 essent
957 954 1125 1025 intestini

117 1072 192 1144 coli
211 1071 411 1142 redeamus
427 1098 436 1159 ;
456 1086 589 1168 praeter
601 1069 798 1141 carnosum
815 1071 934 1156 illam,
956 1097 1068 1167 quam
1081 1075 1121 1141 in

117 1189 369 1286 Sepulchreto
389 1187 524 1261 frustra
546 1191 765 1286 quaerimus,
785 1194 995 1259 intestinum
1012 1190 1121 1259 colon

118 1305 432 1405 intercipientem‚
451 1306 498 1377 ab
513 1313 531 1377 J
536 1332 659 1377 oanne
678 1306 854 1403 Rhodio(
871 1332 882 1376 1
898 1305 917 1403 )
932 1308 970 1375 in
990 1332 1122 1377 mona-

118 1423 193 1509 cho
204 1425 441 1513 adnotatam,
459 1427 526 1522 qui
540 1424 664 1495 culicis
680 1423 873 1495 doloribus
887 1448 968 1496 cum
979 1431 1123 1496 uomitu

118 1541 221 1634 chyli
235 1559 424 1632 vexatus,
443 1543 611 1637 clysteres
629 1549 706 1613 sine
732 1547 972 1612 excrementis
991 1541 1121 1611 redde·
1162 1552 1165 1561 '

118 1659 207 1746 but;
224 1661 337 1730 unius
349 1668 365 1745 ,'
387 1659 451 1730 sed
481 1661 640 1765 maxime
660 1659 736 1730 huc
764 1659 971 1742 attinentiS,
998 1683 1126 1729 exem--

118 1776 223 1874 plum
241 1778 348 1848 estin
363 1778 477 1848 altera
497 1777 543 1848 de
561 1776 708 1848 duabus
723 1777 794 1848 illis
817 1776 860 1846 cl.
875 1778 1032 1846 Fantoni
1051 1775 1122 1846 ob-

118 1893 502 1992 servationibusquas
517 1921 629 1992 supra
645 1894 699 1992 (a)
713 1894 977 1965 tantummode
1001 1895 1123 1963 nomi-

119 2013 304 2084 navimus.
318 2017 362 2081 In
373 2015 455 2083 viro
471 2039 585 2110 quem
604 2015 724 2112 gravis
740 2012 950 2108 dysenteria
970 2013 1122 2082 tandem

119 2127 379 2218 interfecerat,
395 2157 471 2202 non
485 2130 626 2230 procul
639 2157 664 2199 a
680 2155 778 2202 coeco
792 2131 997 2200 ulceratum
1012 2129 1121 2200 colon

119 2248 283 2336 invenit,
307 2249 405 2320 unde
428 2249 652 2347 purulentus
672 2263 709 2317 et
726 2253 905 2344 sunguine
923 2252 1122 2345 permistus

119 2365 258 2437 mmor
287 2369 490 2454 munubut;
526 2368 651 2463 ibique
679 2382 872 2465 praeterea
906 2390 1118 2451 carnosum,

120 2509 289 2555 crassum
320 2501 357 2554 et
386 2484 587 2555 rotundum
610 2509 759 2582 corpus,
791 2500 1016 2554 transversus
1033 2485 1121 2573 fere

120 2617 206 2673 octo
217 2601 362 2698 vdigitos
380 2595 549 2698 longum,
566 2601 671 2700 quod
687 2606 983 2698 tenuipriuctpio
1009 2624 1121 2670 exor-

122 2734 223 2803 tum,
240 2744 358 2815 eoque
375 2744 449 2790 uno
466 2736 647 2816 tunquam
652 2718 831 2817 pediculo
851 2718 1047 2812 alligatum
1065 2716 1122 2786 ul-

123 2861 264 2908 cerosoe
290 2843 445 2923 tuuicoe,
469 2852 644 2959 eceteram
659 2843 695 2906 iu
712 2841 799 2909 tubo
818 2833 1023 2905 intestiuuli
1030 2858 1124 2930 pen·

124 2955 258 3027 dulum
288 2981 364 3027 non
395 2955 580 3067 medicaea
607 2958 684 3052 ejus
708 2970 858 3054 purtem
889 2952 1124 3049 occupabat:
1229 3015 1231 3019 ,

127 3097 323 3170 magnum,
343 3073 489 3169 inquit,
516 3077 677 3144 intestini
698 3073 885 3170 polypum
904 3069 1062 3171 dicere53
1088 3068 1130 3138 id

128 3195 226 3261 enim
249 3181 367 3260 coium
391 3214 525 3288 corpus
551 3190 656 3261 libate
675 3195 783 3259 unius
803 3185 969 3258 medicae·
974 3184 1129 3282 pondus

127 3308 341 3405 superabat.
370 3309 666 3378 Excreseentiam
689 3305 786 3375 hane
812 3329 898 3376 cum
927 3303 1072 3389 ulcere,
1096 3316 1132 3370 et

128 3420 253 3511 facile,
280 3438 323 3493 ut
348 3424 387 3491 in
414 3424 525 3520 longa
546 3423 773 3520 dysenteria,
794 3422 840 3492 ab
868 3422 994 3511 ulcere
1020 3417 1131 3489 fuisse

128 3539 232 3610 vides
246 3565 256 3628 3
269 3565 340 3610 nec
360 3540 434 3609 diei
451 3539 537 3611 ideo
553 3565 731 3638 magnum
748 3540 931 3637 polypum
950 3538 1132 3633 potuisse,

170 3824 213 3902 (i)
235 3828 305 3880 Act.
320 3822 406 3880 Hafn.
420 3829 481 3881 vol.
495 3834 522 3895 4,
538 3845 568 3899 p.
585 3845 614 3894 1,
629 3844 697 3899 pag.
711 3824 758 3880 86.

170 3925 213 4002 (a)
234 3928 273 3983 N.
296 3926 329 3980 13
346 3936 374 3980 et
394 3925 438 3979 16.
