2580 4514
156 351 228 439 480
311 374 358 419 nn
385 336 603 420 snnmus'rr
628 370 753 419 causrs
779 342 1000 426 mortuorunt

153 487 312 560 omnino
342 483 529 573 edentuli,
558 499 680 573 aetate,
714 502 753 558 et
776 489 962 563 catarrho
988 495 1084 569 intra
1105 496 1150 571 bi·

152 608 271 680 duum
288 600 335 676 'an
354 590 523 677 triduum
537 655 547 693 ,
563 605 643 676 sine
667 600 790 696 febre,
810 624 856 680 ut
881 608 1059 704 aiebant,
1079 639 1152 688 con·

152 722 258 810 fecti,
274 726 354 798 sine
367 725 487 796 ictero
503 738 624 814 certe,
645 738 688 795 ut
703 750 749 798 ex
767 742 857 800 cute
875 720 1046 805 candida
1058 735 1153 806 mani·

151 843 288 918 festum
308 857 408 933 erat,
435 841 593 914 cadaver
611 842 759 913 illatum
784 846 906 917 estin
934 852 1152 948 gymnasium

151 962 223 1038 sub
241 962 405 1058 januarii
430 958 569 1050 finem,
592 984 653 1033 me
680 975 885 1035 anatomen
915 963 1082 1042 docente
1102 994 1153 1041 an·

150 1108 204 1156 no
229 1087 331 1179 1744.
351 1085 447 1153 Cum
466 1080 580 1178 igitur
598 1077 654 1150 ibi
679 1094 803 1153 totum
825 1079 948 1157 luerit
971 1086 1154 1186 diligenter

151 1214 392 1287 consectum,
420 1196 610 1296 quidquid
631 1212 768 1296 prater
791 1215 973 1275 naturam
995 1200 1089 1296 vidi,
1104 1206 1154 1279 hie

149 1316 335 1408 referam,
356 1315 404 1388 ab
428 1317 472 1387 iis
497 1339 607 1387 orsus
631 1340 714 1413 quae
739 1319 951 1394 novissime
976 1316 1155 1397 observata

151 1453 249 1511 sunt.
269 1435 397 1508 Cranii
411 1432 556 1506 fornice
569 1431 773 1508 difficulter
790 1439 949 1529 avulso,
970 1440 1024 1513 ob
1044 1434 1155 1516 masse

147 1557 337 1655 meningis
354 1554 599 1626 arctissimam
623 1552 881 1628 adhaesionem
900 1558 959 1630 sic
971 1575 1018 1633 ut
1034 1560 1152 1633 lamina

147 1674 264 1772 hujus
277 1673 441 1746 exterior
454 1667 563 1743 affixa
577 1671 623 1743 ad
645 1695 687 1743 os
706 1667 842 1747 frontis
855 1694 1093 1768 remaneret,
1105 1704 1152 1751 ce-

146 1792 303 1866 rebrum
329 1794 528 1864 inventum
554 1805 630 1879 est,
658 1805 702 1862 ut
726 1791 968 1867 cerebellum
996 1822 1151 1897 quoque,

147 1911 318 2001 mollius,
335 1927 373 1984 et
396 1911 436 1981 in
461 1908 669 1982 substantia
692 1909 897 1983 medullari
919 1913 1149 1992 subfirseun:

147 2032 229 2129 ejus
243 2045 320 2103 tres
331 2028 533 2102 ventriculi
548 2053 645 2127 aqua
662 2027 767 2127 pleni
777 2029 980 2128 pellucido
997 2051 1036 2109 et
1055 2060 1149 2135 pura:

147 2148 350 2223 choroIdes
373 2148 505 2246 plexus
533 2145 698 2245 pallidi:
726 2148 888 2245 pinealis
915 2151 1150 2251 glandulaiu

145 2267 349 2339 mediocris
361 2291 441 2337 uvte
454 2265 553 2336 acini
566 2263 727 2337 formam
744 2280 782 2336 et
794 2269 1103 2365 magnitudinem
1112 2269 1149 2343 ab

143 2411 288 2484 aquen,
312 2400 356 2457 ut
371 2383 590 2472 videbatur,
607 2383 824 2472 humore,a
842 2410 926 2483 quo
944 2392 1149 2467 mollissima

144 2520 243 2594 erat,
269 2503 464 2575 distenta:
495 2501 728 2601 pituitariam
752 2519 907 2591 autem,
937 2508 973 2580 si
1006 2509 1150 2610 desuper

141 2625 372 2724 inspiceres,
393 2636 626 2693 contractam
651 2636 688 2694 et
713 2619 985 2699 subsidentem
1009 2629 1149 2703 videres.

17 2828 19 2833 .
140 2744 372 2814 Arteriarum
394 2766 477 2841 qute
499 2766 568 2840 per
584 2739 732 2812 cerebri
752 2740 874 2814 basim
899 2734 1099 2838 feruntur,
1122 2760 1151 2819 et

140 2862 268 2932 trunci
282 2876 319 2933 et
338 2861 452 2950 rami,
470 2884 692 2957 quanquam
707 2884 788 2932 non
804 2875 849 2932 ut
867 2864 1092 2965 sanguifera
1106 2868 1150 2939 in·

84 2990 88 2999 '
140 2993 198 3051 tra
227 2978 480 3067 ventriculos,
515 3001 623 3062 vasa,
657 2978 812 3050 distenti
845 2984 1060 3080 sanguine,
1087 2986 1149 3055 imo

139 3098 271 3170 inanes
289 3115 419 3186 erant;
439 3112 566 3169 tamen
584 3122 694 3195 aequo
706 3093 860 3170 latiores
870 3102 1149 3201 conspicieban-

138 3230 212 3289 tur.
239 3222 282 3287 In
310 3216 476 3288 thoracis
507 3238 598 3287 cavo
629 3240 735 3314 aquae
766 3214 956 3310 turbidae,
991 3238 1032 3297 et
1058 3221 1149 3295 tusce

137 3337 247 3434 copia
262 3334 423 3406 modica.
439 3334 643 3406 Pulmones
657 3333 705 3405 ad
720 3332 879 3407 dorsum
891 3340 1145 3425 concidentes,

138 3456 282 3553 quippe
294 3450 536 3524 omninofere
549 3478 570 3523 a
584 3451 719 3551 pleura
731 3453 967 3551 sejuncti.Ut
976 3476 1147 3557 eoraequo

136 3573 318 3671 amplius,
334 3573 387 3643 sie
405 3587 442 3643 et
460 3586 622 3643 truncus
640 3586 753 3643 aortae
771 3571 895 3643 latior.
918 3578 1023 3649 Huic
1038 3591 1144 3650 auten

137 3690 296 3791 praefixae
314 3690 469 3762 valvulae
483 3689 531 3762 ad
546 3714 701 3789 aggeres
713 3705 784 3780 ,ut
800 3689 980 3766 valsal‘va
997 3692 1144 3796 appella·

135 3810 221 3899 bat,
236 3835 349 3883 osseae
367 3808 492 3899 factae3
509 3809 602 3908 quin
622 3809 737 3881 unius
764 3811 889 3909 ipsum
914 3811 1080 3887 alterum
1099 3810 1141 3883 lt·

134 3944 195 4004 tus
208 3956 255 4004 ex
269 3955 375 4005 ossea
399 3927 599 4005 constabat
628 3953 795 4027 squama.
826 3932 927 4005 Cum
946 3956 1041 4009 vero
1061 3934 1140 4009 inte
