2580 4514
159 373 229 448 588
321 397 368 443 nr
393 394 539 443 srnrnus
564 395 608 442 rr
633 390 756 442 causas
781 366 1000 443 nonnosum

160 514 408 608 nequeenim
432 510 471 579 id
503 508 616 595 mihi,
636 523 677 579 ut
701 509 816 606 paulo
843 523 934 582 ante
968 508 1152 597 dixi,tunc

161 650 452 727 proposueram,
470 610 672 725 diligenter
687 650 766 696 non
778 625 975 696 adnotavi.

212 773 268 845 27.
285 747 398 818 Vides
414 746 527 845 igitur
544 747 724 832 tumoris,
741 769 856 844 quem
876 742 1156 830 anasarcasacit,

163 865 288 939 sedem
316 879 352 935 et
377 886 526 934 causam
545 885 621 932 non
647 860 717 933 sub
737 876 823 934 cute
839 861 1032 935 duntaxat
1048 864 1085 933 in
1099 861 1159 932 adi-

163 1005 254 1081 posa
271 978 487 1052 membrana
509 1003 609 1068 esse3
631 1004 762 1051 verum
784 980 929 1068 etiam,
956 979 1028 1052 ubi
1055 995 1162 1052 tumor

164 1097 368 1197 prasertim
383 1121 459 1167 non
473 1095 645 1168 modicus
661 1110 730 1183 est,
747 1096 787 1166 in
806 1096 999 1168 omnibus
1015 1096 1162 1193 ejusdem

164 1214 390 1286 membrana,
410 1211 703 1311 appendicibus,
732 1229 774 1285 ut
793 1239 881 1284 cum
903 1230 1051 1312 praeter
1066 1216 1164 1314 ipsam

165 1332 221 1404 hae
243 1355 396 1431 quoque
413 1346 494 1402 tum
512 1331 610 1401 inter
627 1331 831 1403 exteriores
848 1331 1060 1404 musculos
1077 1331 1166 1404 ethis

167 1450 381 1546 subjectos,
401 1463 482 1519 tum
500 1448 599 1517 inter
614 1447 870 1518 musculorum
891 1446 1101 1520 fasciculos
1112 1448 1166 1519 dis

167 1568 390 1654 tendantur,
403 1588 562 1662 magnus
576 1578 704 1635 tumor
716 1562 913 1636 efficiatur.
925 1566 1050 1639 Vides
1062 1565 1167 1652 simul,

168 1684 260 1784 quid
287 1686 333 1756 sit
355 1683 458 1782 quod
481 1681 660 1779 gelotinoe.
683 1684 804 1780 specie
827 1707 911 1753 non
944 1709 1039 1756 raro
1069 1686 1168 1781 impu

169 1820 251 1892 nat3
276 1828 370 1873 nam·
383 1817 419 1872 et
437 1801 678 1900 pinguedinis
698 1801 823 1871 oleum
846 1800 996 1873 eaedem
1016 1803 1168 1898 interjec-

170 1937 213 1993 toe
240 1919 508 1990 membranulae
542 1919 629 2016 ipsae
665 1919 774 1989 etiam
799 1916 974 2005 faciunt,
1007 1936 1051 1991 ut
1077 1922 1170 1991 insa·

172 2064 309 2110 norum
339 2035 583 2109 cadaveribus
611 2038 736 2107 minus
763 2062 877 2134 quam
905 2039 948 2107 in
974 2036 1170 2111 viventibus

174 2182 304 2229 revera
319 2171 394 2236 est,
409 2170 588 2253 appareat
604 2152 773 2259 fluidum.
786 2156 864 2225 Nec
878 2169 1017 2227 tamen
1032 2178 1170 2255 negare·

170 2277 259 2362 rim,
280 2277 354 2346 sive
374 2273 425 2346 ob
441 2275 521 2370 ejus
536 2262 717 2369 reliquia}
732 2273 805 2343 olei
826 2272 961 2369 plures
983 2271 1171 2372 interposi-

170 2409 242 2482 tas,
261 2396 336 2464 sive
366 2391 471 2489 quod
498 2390 696 2478 viscidior,
719 2391 766 2461 sit
784 2415 882 2487 aqua
902 2392 1088 2482 inclusa,
1114 2391 1172 2463 sire

171 2511 274 2610 quod
296 2535 401 2580 mora
427 2524 463 2579 et
487 2507 576 2578 anni
601 2523 773 2606 tempore
804 2510 971 2580 crassior
998 2509 1087 2600 fiat,
1112 2530 1173 2581 esse

173 2644 306 2729 praeter
324 2625 562 2698 membranas
581 2625 725 2722 aliquid
743 2625 938 2695 interdum
970 2627 1084 2724 quod
1111 2647 1174 2696 eam

174 2735 287 2817 nobis
315 2745 477 2842 speciem
513 2740 676 2838 objiciat.
710 2742 864 2815 Glasero
898 2742 978 2815 hoc
1015 2745 1175 2817 ultimum

172 2864 282 2935 unice
303 2863 510 2959 placuisse,
537 2884 581 2930 ex
602 2858 937 2957 Sepulchreto(1)
958 2882 1176 2960 cognoscem

176 2979 377 3052 cumidem
405 2978 510 3076 quod
529 3002 621 3076 ego,
641 2978 723 3081 aiii,
742 2979 834 3049 etin
855 2977 916 3060 his
937 2983 1111 3078 Peyerus
1123 2972 1177 3074 (a)

175 3114 211 3170 et
228 3094 426 3194 Wepferus
446 3095 518 3192 (3)
538 3095 710 3167 maluisse
733 3094 946 3166 videantur.

226 3215 283 3293 28,
299 3214 471 3284 Vetulam
497 3238 579 3309 qua
605 3238 650 3282 ex
673 3212 845 3311 hydrope
868 3215 1006 3304 ascite,
1027 3215 1094 3289 sed
1114 3233 1177 3284 non

176 3337 226 3404 ita
248 3355 409 3429 magno,
428 3330 659 3418 decesserat,
677 3355 763 3400 cum
785 3330 823 3398 in
843 3335 1080 3404 nosocomio
1095 3336 1178 3403 Pata·

176 3453 266 3522 vino
279 3472 491 3521 secaremus
511 3447 581 3518 sub
596 3445 709 3518 finem
722 3448 812 3517 anui
830 3449 938 3546 1716,
962 3449 1047 3523 haec
1065 3449 1178 3521 obser·

214 3754 257 3836 (ι)
279 3757 356 3812 Sect.
372 3753 428 3807 hac
442 3769 478 3807 ar
491 3792 500 3820 ,
515 3752 580 3808 obs.
595 3770 629 3808 21
645 3763 674 3808 ct
688 3753 779 3809 schol.

212 3854 256 3932 (a)
278 3854 355 3910 Ibid.
369 3853 432 3908 obs.
451 3851 488 3920 3,
503 3855 517 3920 S
534 3872 546 3907 1
563 3863 593 3907 et
607 3849 698 3910 schol.

213 3956 257 4032 (3)
278 3952 356 4011 Ibid.
375 3952 438 4009 obs.
457 3970 507 4024 17,
523 3957 539 4022 ς
554 3951 581 4008 5.
