2580 4514
136 299 207 397 706
300 318 347 363 ns
373 306 519 362 snnrnus
544 310 589 356 ar
614 306 739 354 csosrs
764 294 986 357 nonnosum

137 433 209 518 ibi,
227 445 269 502 ut
284 452 394 525 snpra
408 426 463 519 (ι)
478 423 576 510 dixi,
601 447 647 493 ex
665 422 711 492 iis
729 444 815 518 quas
832 438 987 496 saccato
1003 426 1143 497 interno

136 550 308 646 hydrope
328 556 573 627 tenerentur,
597 539 741 609 nuliam
761 541 958 614 sevidisse
972 559 1143 629 sanatam,

136 668 272 738 diserte
288 661 490 757 scripserit.

187 805 244 878 7¹·
273 784 420 849 Interea
446 776 536 847 dum
564 772 811 843 alii-certiora
830 774 1020 865 doceant,
1043 801 1142 874 pras-

136 914 214 970 tare
254 895 478 978 credidero,
515 893 545 961 si
576 905 728 960 cautum
772 891 968 962 medicum
1001 898 1141 992 Targio·

136 1016 240 1086 nium
256 1017 310 1106 (2)
330 1011 502 1094 imiteris,
522 1009 615 1078 etin
631 1007 832 1104 palliativa
843 1063 855 1095 ,
875 1035 993 1105 quarn
1015 1012 1141 1082 Schor-

136 1130 302 1228 kopsfius
313 1130 367 1226 (3)
383 1151 537 1224 quoque
547 1130 784 1221 potissimum
794 1129 1144 1218 commendaverat,

138 1250 272 1320 saccati
283 1247 421 1317 interni
434 1243 613 1340 hydropis
625 1244 819 1313 curatione
833 1243 1029 1317 subsistas.
1042 1249 1140 1318 Plura

138 1366 251 1437 habet
282 1365 501 1461 Targionius
530 1360 576 1430 ad
611 1359 650 1430 id
676 1360 818 1431 monita
848 1388 935 1458 quae
960 1365 1091 1464 seligas
1112 1380 1140 1438 et

136 1483 343 1581 prudenter
362 1479 548 1576 sequaris,
578 1503 626 1549 no
651 1477 784 1547 ultimo
809 1479 969 1574 quidem
991 1481 1058 1553 illo
1085 1509 1138 1554 ne·

138 1599 277 1697 glecto,
295 1623 380 1668 cum
401 1594 585 1691 ejusmodi
600 1594 791 1691 hydropes
804 1597 881 1692 jam
899 1601 1030 1696 magni
1047 1616 1139 1685 sunt,

137 1714 309 1786 vitandos
330 1739 407 1785 esse
425 1737 490 1784 eos
504 1713 674 1808 corporis
692 1713 853 1808 positus,
874 1731 1025 1806 motuS,
1049 1743 1139 1791 cona-

138 1847 198 1903 tus
218 1832 317 1902 uude
338 1832 496 1900 uinrium
518 1831 627 1926 cystis
645 1831 784 1901 viscera
800 1849 973 1928 premat,
989 1850 1055 1906 aut
1071 1837 1137 1932 ipsa

138 1948 262 2018 abhis
281 1963 485 2045 prematur.
500 1950 619 2037 Quam
639 1945 743 2018 facile
762 1950 863 2018 enim
878 1951 1075 2023 interdurn
1092 1953 1138 2025 vel

139 2093 216 2137 non
235 2067 284 2135 ita
302 2090 443 2162 magnae
456 2080 574 2161 cystes
588 2080 832 2161 rumpantur,
846 2067 1007 2140 historia
1025 2096 1136 2142 mons·

138 2201 209 2255 trat
228 2209 349 2280 quaea
373 2207 432 2252 me
455 2181 522 2252 tihi
545 2206 656 2279 supra
680 2183 734 2278 (d)
757 2200 906 2254 narrata
935 2202 1003 2257 est.
1027 2189 1138 2259 Vehe-

138 2304 301 2372 mentior
316 2303 414 2370 eninr
431 2301 526 2371 risus
542 2302 580 2369 in
597 2325 639 2371 ea
654 2300 808 2372 muliere
825 2301 926 2373 idem
942 2301 1032 2376 fecit
1047 2302 1139 2402 quod

138 2420 176 2489 in
195 2420 276 2487 viro
294 2415 450 2501 fecerat,
472 2416 517 2486 de
539 2442 617 2512 quo
639 2415 749 2488 nobis
765 2418 1073 2493 observationem
1093 2448 1139 2492 re·

138 2536 247 2631 liquit
265 2532 512 2605 Hoffrnannus
532 2533 595 2630 (5).
616 2534 671 2606 Ab
690 2537 807 2605 nimio
825 2541 928 2607 enim
953 2543 1033 2611 risu
1052 2539 1140 2611 hene

138 2654 258 2748 arguit
278 2677 424 2722 saccum
438 2654 475 2721 in
491 2651 643 2723 thorace
654 2677 732 2723 esse
746 2669 919 2750 ruptum,
941 2658 1140 2753 plurimun

136 2792 239 2864 aquae
255 2770 531 2853 continentem,
552 2772 638 2866 qnia
657 2773 779 2841 statim
793 2774 965 2869 spirandi
978 2779 1140 2874 angustia

138 2911 219 2981 quae
237 2901 344 2956 autea
360 2885 478 2958 fuerat
496 2912 581 2958 curn
600 2885 674 2958 fixo
693 2888 818 2960 lateris
836 2891 982 2963 sinistri
999 2895 1141 2981 dolore,

136 3002 176 3071 in
187 3000 470 3073 suffocationem
481 3019 621 3074 mutata
631 3020 702 3090 est;
714 3005 790 3077 haec
800 3033 892 3079 vero
904 3033 994 3082 curn
1008 3037 1140 3112 aegrunr

98 3160 101 3167 ·
136 3115 240 3188 brevi
252 3120 469 3207 sustulisset,
483 3122 521 3189 in
533 3123 683 3194 sinistro
697 3122 860 3196 thoracis
873 3151 969 3198 cavo
982 3147 1019 3201 et
1031 3131 1140 3202 inulta
