2580 4514
252 328 277 356 f

189 393 260 447 rm,
283 393 340 439 111.
369 394 414 439 na
440 392 575 440 nonnis
592 394 761 460 vaurms,
787 359 898 446 rrrsr.
919 400 1039 450 xxxvi.
1068 381 1137 480 387

141 504 243 576 iutra
260 504 397 577 horam
416 507 583 578 moritur.
606 498 757 580 Ventris
783 534 913 582 cavum
937 539 957 584 a
985 518 1143 593 sinistris

143 619 265 694 ferme
283 638 404 695 totum
427 624 501 696 lien
520 625 719 722 implebat,
740 627 859 714 mole,
876 630 915 699 in
939 631 1143 733 longitudi-

113 766 117 773 ·
141 765 234 812 nem
254 744 484 839 praesertim,
503 758 654 830 auctus,
675 758 716 814 ut
733 743 846 817 libras
871 764 956 818 octo
976 775 1061 822 cum
1088 778 1146 826 se·

146 860 260 930 misse
292 860 483 959 penderet.
514 862 697 932 interiora
727 863 879 936 visceris
908 865 955 936 ab
987 872 1146 942 naturali

147 978 417 1049 constitutione
444 977 655 1075 discrepare
682 1003 761 1049 non
789 978 1050 1055 videbantur:
1084 1013 1147 1057 ex·

144 1095 264 1167 terius
299 1092 520 1193 amplificata
547 1120 632 1167 vasa
669 1111 750 1167 tum
783 1094 1024 1195 sanguifera,
1065 1119 1147 1181 tum

148 1210 380 1309 lymphatica
421 1212 686 1313 apparebant,
720 1228 762 1284 ut
796 1198 874 1286 brec
912 1220 1048 1314 passim
1080 1245 1149 1317 per

147 1328 260 1400 lienis
274 1329 439 1400 tunicam
457 1330 618 1430 pulchro
641 1331 855 1428 spectaculo
872 1358 910 1405 se
932 1335 1147 1432 proderent.

144 1448 378 1546 Spermatica
394 1474 477 1521 vasa
498 1449 652 1520 violacei
665 1448 804 1520 coloris
821 1452 1039 1549 sanguinem
1059 1471 1150 1527 con·

147 1563 345 1655 tinebant3
378 1582 420 1637 ut
452 1566 504 1637 ibi
540 1565 679 1638 diutius
713 1584 940 1640 remoratum
980 1594 1059 1643 esse
1090 1576 1150 1646 in·
1260 1555 1263 1562 ¹

98 1682 102 1689 ’
148 1682 348 1782 telligeres.
375 1688 502 1756 Testes
531 1708 629 1780 pene
649 1684 719 1754 toti
743 1681 924 1757 skirrhosi
951 1705 1078 1779 erant3
1101 1718 1150 1766 ne

148 1803 238 1900 quis
257 1799 511 1873 inloeeundam
529 1799 837 1896 fuisse·juvenem
856 1797 1051 1877 mulierem
1081 1812 1151 1881 mi-

147 1918 429 1992 raretur-Nulla
439 1920 559 1990 inerat
570 1918 753 2007 vesicula,
771 1920 799 1990 si
818 1944 933 1990 unam
947 1923 986 1992 in
1001 1925 1151 1999 sinistro

148 2037 334 2135 excipias,
354 2060 457 2134 quae,
477 2035 709 2107 dimidiatam
732 2036 938 2108 avellanam
968 2020 1149 2138 aequabat.

149 2159 237 2226 Hoc
251 2157 354 2227 testis
369 2154 582 2229 substantie
596 2154 777 2224 tenaciter
792 2152 985 2230 adhaerens
1012 2174 1048 2230 et
1070 2184 1151 2232 san-

153 2273 310 2371 guifen's
338 2270 511 2344 distincta
536 2271 716 2363 vasculis,
748 2294 827 2340 non
858 2273 1056 2371 limpidum
1085 2278 1150 2351 sed

116 2387 370 2468 ‘subfuscum
397 2388 615 2461 continebat
644 2386 867 2458 humorem:
904 2415 981 2487 qno
1012 2391 1149 2486 effuso,

150 2532 294 2609 corpus
330 2509 370 2579 in
410 2520 653 2605 conspectum
698 2506 800 2577 venit
840 2505 931 2578 lutei
978 2510 1150 2599 coloris,

114 2642 117 2646 ’
146 2628 262 2702 lentis
280 2610 538 2726 magnitudine
558 2637 595 2694 et
611 2623 718 2721 quasi
738 2619 880 2709 forma,
899 2621 964 2694 sed
981 2626 1150 2699 vesicula

147 2749 254 2818 intus
265 2745 464 2827 adnutum,
479 2757 523 2814 ut
534 2736 595 2812 vix
605 2740 855 2840 promineret:
870 2740 993 2837 ipsum
1005 2746 1150 2841 aggeris
1241 2774 1244 2779 ·

147 2866 274 2938 instar·
288 2862 434 2933 minimi
453 2858 607 2958 quidam
632 2853 832 2954 cingebant
850 2855 1003 2953 globuli.
1033 2864 1149 2933 Erant

148 2983 263 3058 etiarn
280 2980 349 3052 alia
365 2982 404 3050 in
417 2978 552 3050 eodem
565 2991 676 3068 teste,
693 2974 902 3073 eodemque
913 2974 1040 3048 colore
1053 3003 1149 3074 quae·
1244 3059 1245 3062 Ἴ

149 3101 238 3174 dam
253 3120 432 3197 corpora,
449 3094 514 3168 sed
531 3116 657 3191 neque
671 3114 713 3163 ea
729 3089 869 3190 figura,
885 3115 1010 3188 neque
1026 3116 1071 3164 eo
1089 3119 1148 3194 ag-

145 3242 237 3319 gere
260 3214 423 3316 praedita.
442 3210 555 3304 Quod
582 3209 627 3282 ad
653 3209 845 3282 thoracem
870 3212 1026 3301 attinet,
1058 3236 1146 3287 sana
1255 3291 1257 3295 .

145 3335 412 3420 erantomnia,
427 3333 500 3404 nisi
513 3328 618 3428 qnod
636 3330 835 3428 pulmones
847 3327 988 3400 rubore
1000 3329 1145 3422 suffusi,

143 3455 320 3539 multam,
341 3474 428 3524 cum
448 3462 691 3536 secarentur,
715 3445 907 3516 materiam
926 3448 1146 3521 emittebant
1232 3502 1238 3515 χ

144 3567 444 3670 ejusdemmodi,
463 3566 611 3665 qualem
638 3565 837 3663 novissime
865 3565 1036 3661 expuisse
1060 3592 1144 3638 mu·

140 3689 278 3762 lierem
303 3684 529 3781 scripsimus.

199 3803 252 3875 18.
280 3806 335 3873 De
351 3799 541 3874 sterilitate
558 3822 579 3868 a
597 3798 688 3868 vitio
705 3796 919 3868 ovariorum
932 3851 942 3885 ,
956 3813 992 3868 et
1007 3798 1053 3869 de
1071 3800 1142 3871 suf·

136 3922 332 3997 monnone
347 3944 369 3990 a
384 3918 510 4018 pravis
535 3913 781 4004 humoribus,
808 3927 972 4079 repent5e
990 3915 1028 3985 in
1056 3917 1143 4018 pul.

909 4036 929 4079 2
