2580 4514
137 306 207 379 280
305 328 352 375 nr
378 325 523 374 srumus
547 326 591 372 rr
608 325 739 381 ‚causis
763 324 974 375 noseorum

135 458 213 530 ret,
231 439 296 513 sed
314 455 416 512 extra
429 439 502 511 hoc
519 454 801 537 praetervectus,
827 439 926 513 nihil
951 439 1109 514 aliudim·

136 561 324 646 mitteret,
352 560 423 628 nisi
449 559 599 655 parietis
623 559 681 628 sui
701 559 942 655 portionem,
967 561 1007 630 in
1026 561 1116 633 semiv

136 677 252 748 ovalis
265 676 430 748 cavitatis
440 675 595 746 modum
611 677 778 747 laxatam.
787 681 873 748 Erat
885 677 969 772 ejus
977 677 1126 753 cavitate
1140 706 1143 711 ·

138 819 213 893 qua
237 795 373 866 sensim
401 793 448 865 ab
474 793 654 865 intestino
671 792 899 891 incipiebat,
918 795 1039 890 major
1055 795 1119 867 tuit

135 914 249 984 trium
268 913 417 984 circiter
435 910 637 1009 digitorum
656 910 865 983 secundum
881 913 1050 985 intestini
1060 914 1122 984 lou·

136 1029 368 1130 gitudinem3
392 1030 518 1100 minor
544 1030 621 1100 axis
653 1030 774 1101 multo
799 1027 974 1116 brevior,
1002 1032 1122 1129 quippe

137 1174 206 1249 per
237 1149 462 1220 anteriorem
493 1148 662 1218 intestini
686 1144 817 1219 faciem
847 1146 1001 1243 digituli
1027 1149 1124 1218 inter-

137 1268 275 1339 valloa
300 1266 512 1338 meseuterii
536 1266 739 1337 insertione
767 1265 814 1336 ad
842 1263 1064 1337 inferiorem
1085 1260 1125 1333 lt·

138 1385 234 1456 ciem
251 1409 288 1456 sc
302 1382 517 1455 extendens.
533 1382 610 1452 Illis
627 1407 672 1452 ex
686 1383 800 1453 initiis
813 1384 996 1481 paulatim
1010 1382 1125 1453 cavitas

139 1503 256 1600 magis
282 1503 497 1598 magisque,
521 1515 561 1571 ut
589 1499 796 1572 semiovalis
818 1501 981 1597 requirit
1009 1497 1127 1600 figura,

139 1644 177 1692 se
197 1619 463 1703 contrahebat,
481 1618 602 1691 donec
625 1617 671 1688 ad
687 1618 834 1714 pollicis
846 1615 1127 1716 profunditatem

140 1736 180 1805 in
205 1735 329 1805 medio
355 1735 610 1807 descenderet.
638 1740 740 1805 Hanc
762 1736 877 1833 igitur
903 1737 982 1807 sive
1010 1737 1128 1809 cavita-

140 1867 216 1924 tem
237 1852 363 1937 malis,
390 1855 465 1925 sive
489 1852 751 1924 diverticulum
779 1851 991 1950 appellare,
1018 1852 1129 1924 hemia

142 1971 258 2041 solam
279 1969 560 2067 intercipiebat,
580 1995 658 2040 non
688 1971 877 2066 reliquum
900 1971 1071 2043 intestini
1083 1984 1130 2041 tu·

141 2087 256 2165 bum,
276 2087 460 2184 simulque
477 2112 562 2157 cum
584 2084 727 2159 omenti
743 2103 908 2159 extrema
927 2103 1038 2186 parte
1057 2112 1131 2160 con·

143 2204 327 2276 eludebat.
349 2209 520 2295 Quorum
540 2219 716 2275 neutrum
740 2208 893 2295 ‘poterat
919 2194 969 2276 ex'
984 2207 1067 2303 ipsa
1088 2228 1133 2276 re·

141 2320 261 2408 trahi,
291 2324 432 2420 quippe
464 2347 542 2392 non
577 2321 692 2391 modo
725 2321 973 2393 interclusum
1003 2321 1134 2393 orificio

143 2439 283 2510 sacculi
315 2441 420 2538 quasi
454 2463 636 2525 nerv0s0,
669 2463 799 2509 verum
828 2440 939 2510 etiam
972 2439 1138 2527 nexibus,

141 2557 269 2629 minus
285 2557 439 2654 quidem
465 2555 614 2644 validis,
635 2556 700 2627 sed
718 2556 979 2646 creberrimis,
999 2557 1139 2630 sacculo

144 2674 333 2772 alligatum
349 2729 359 2763 ,
377 2675 497 2760 intus,
512 2699 587 2771 qua
602 2688 709 2744 erant
727 2675 753 2744 ii
773 2698 912 2762 nexus,
926 2674 1139 2773 subaspertu

144 2807 274 2863 caetera
297 2792 387 2862 laevi.
414 2796 524 2861 Hunc
544 2793 790 2887 peritonaeum
806 2789 984 2880 faciebat,
1004 2808 1140 2865 extror-

144 2932 228 2981 sum
246 2909 409 2980 laxatum
429 2933 548 3007 prope
569 2923 765 2980 externum
786 2908 882 2998 latus
902 2913 1141 3008 spermatico·

142 3051 229 3097 rum
255 3051 460 3097 vasorum:
487 3024 699 3098 assidebant
718 3042 842 3100 autem
869 3026 962 3100 hinc
995 3044 1035 3101 et
1062 3028 1141 3101 binc

142 3142 328 3240 glandulae
345 3143 553 3240 inguinales
574 3158 760 3215 tumentes
784 3144 888 3232 duae,
909 3171 1078 3242 quarum
1099 3145 1142 3219 al·

140 3273 242 3347 tera,
268 3260 416 3330 sacculo
435 3260 612 3357 propior,
631 3261 753 3332 albam
783 3263 821 3332 in
845 3278 953 3360 parte
973 3264 1154 3337 substan·-

142 3378 231 3446 tiam
247 3375 422 3447 ostendit.
445 3379 669 3449 Intestinum
688 3378 837 3449 sacculo
853 3381 1095 3475 proximum,
1111 3392 1145 3453 et

142 3491 264 3563 multo
281 3494 398 3590 magis
413 3494 579 3564 intestini
599 3495 862 3566 diverticulum
885 3521 931 3567 ex
955 3497 1078 3569 rubro
1088 3496 1143 3569 ¹ui·

141 3608 345 3706 gricabant.
382 3610 492 3682 Illinc
521 3613 741 3684 intestinum
772 3615 968 3710 superiora
994 3634 1140 3703 versut,

142 3749 230 3795 nam
244 3726 291 3796 ad
306 3725 502 3815 inferiora,
520 3745 563 3799 ut
582 3729 676 3819 dixi,
698 3728 826 3801 album
846 3746 948 3821 erat3
966 3754 1141 3831 magnum
1166 3780 1169 3787 ·

142 3841 187 3910 ad
217 3857 379 3917 tractum
413 3872 458 3919 cx
489 3847 607 3919 rubro
644 3848 691 3919 ad
726 3846 886 3920 lividum
914 3848 1137 3939 inclinabat,
