2580 4514
141 360 203 407 um.
225 360 282 407 111.
310 361 356 407 DE
376 359 511 407 Monms
535 357 705 422 vmms,
730 357 841 404 urlsr.
869 358 973 403 XXXV.
1003 330 1071 431 327

121 471 289 543 instrictis
315 471 473 543 vasculis
498 471 700 568 sanguine,
725 469 911 541 intestinis
938 495 1074 540 noxam

121 599 172 675 to,
180 602 216 659 et
224 601 358 686 praeter
366 588 584 685 opinionem
597 586 783 675 intulisse;
796 610 871 683 qua
883 603 1076 684 praesente,

121 705 225 801 tnguis
240 706 339 779 mitti
354 719 515 802 nequeat
530 706 610 778 sine
628 702 746 801 culpa.
761 702 895 775 Vidisti
911 706 950 774 in
965 705 1075 776 Laelio

120 844 191 892 uam
209 823 285 893 cito
305 802 482 895 intestina
494 846 572 892 nou
587 821 703 892 modo
719 819 1075 910 inflammationem,

120 937 148 1006 ed
163 952 197 1010 et
209 938 369 1010 livorem
388 939 668 1011 contraxissent.
685 941 773 1010 Pars
796 937 898 1008 nulla
921 935 1074 1012 fortasse

120 1054 237 1144 cilius,
256 1071 294 1128 et
310 1057 420 1129 citius
440 1079 553 1154 quam
568 1056 743 1126 intestina
754 1110 763 1143 ‚
776 1052 873 1125 nihil
890 1055 1076 1152 ejusmodi

120 1173 286 1270 ispicante
303 1172 473 1262 medico,
492 1172 570 1244 abit
585 1173 625 1242 in
645 1195 901 1271 gangrenam,
920 1187 957 1243 et
968 1174 1076 1270 nigra

120 1286 138 1356 t.'
150 1290 257 1381 Quod
271 1293 341 1363 etsi
352 1289 547 1389 productis
564 1287 653 1361 alibi
671 1288 857 1376 historiis,
873 1289 988 1360 autin
1001 1289 1074 1362 hac

120 1404 232 1499 pittola
258 1406 312 1504 (1)
341 1406 596 1505 producendis
624 1407 683 1478 vel
708 1408 830 1506 aptius
862 1422 1074 1479 monstrare

120 1524 315 1614 cssem3hio
326 1539 452 1597 tamen
463 1525 585 1623 placet
596 1523 1074 1599 observationibusduabus

119 1641 289 1730 uendere,
307 1664 469 1739 quarum
487 1641 650 1739 singulas
667 1641 715 1713 ab
734 1642 889 1740 singulis
907 1666 1073 1742 praecep·

121 1759 217 1832 ribus
236 1761 365 1857 accepi
390 1760 497 1844 meis,
518 1758 652 1831 eodem
663 1759 854 1848 ¹Valsalva,
872 1774 910 1832 et
930 1760 1071 1833 Jacoho

120 1876 240 1949 udrio.
260 1881 365 1948 Hauc
379 1877 493 1974 igitur
509 1902 529 1946 a
542 1876 718 1948 Valsalva.

119 1992 154 2065 6.
179 1995 248 2066 vir
273 2008 351 2066 erat
378 1994 445 2091 qui
471 1992 518 2065 ab
545 1994 690 2091 aliquot
720 1993 849 2064 saltem
875 1994 1068 2068 mensibus
1189 2093 1193 2098 .

119 2111 239 2183 ¹otidie
247 2109 469 2183 horaacibo
481 2111 614 2209 quinta
622 2126 686 2182 aut
696 2125 807 2200 sexta,
817 2113 957 2184 ventris
967 2111 1068 2184 dolo

119 2252 174 2301 ius
190 2226 553 2326 capiebatunflquasi
569 2243 625 2300 tot
639 2227 815 2300 dentibus
830 2229 1065 2301 laceraretur.

119 2368 147 2417 :c
171 2361 405 2439 accesserant
432 2342 534 2416 flavae
565 2346 726 2417 materiae
754 2344 896 2435 fluxus,
930 2363 967 2419 et
989 2373 1067 2420 ma·

121 2488 162 2554 S,
174 2488 261 2535 cum
270 2478 425 2562 repente
434 2464 628 2562 apoplexia
639 2463 891 2553 invasit,levis
899 2465 1065 2562 quidem,

119 2604 207 2680 qua·
220 2566 305 2679 post
325 2580 425 2653 diem
438 2605 559 2653 unum
577 2595 642 2652 aut
656 2579 814 2651 alterum
832 2582 972 2653 remitti
989 2583 1066 2653 visa

131 2750 143 2788 ‚
158 2696 334 2771 manibus
354 2698 517 2796 aliquam
535 2697 713 2770 movendi
733 2695 943 2769 facultatem
956 2722 1067 2770 recu·

118 2815 307 2904 rantibus,
323 2831 449 2889 mente
464 2830 588 2888 autem
601 2815 714 2914 paulo
728 2817 853 2886 minus
867 2839 1065 2912 oppressa,

118 2956 190 3004 neu
207 2936 343 3029 quinto
355 2931 416 3004 die
428 2932 592 3005 laethalis.
611 2932 797 3004 Cadavere
820 2932 1065 3030 perlustrato,

118 3072 152 3120 ta
171 3051 299 3121 omnia
325 3052 477 3122 inventa
500 3065 606 3137 suut,
633 3051 662 3122 si
682 3047 880 3121 cerebrum
902 3063 940 3120 et
951 3048 1065 3121 ileum

118 3165 285 3239 {estinum
299 3167 473 3266 excipias.
486 3170 531 3237 In
548 3167 649 3238 illius
664 3168 765 3238 enim
780 3167 998 3239 ventriculis
1012 3191 1066 3238 se·
1125 3244 1127 3248 Α

118 3308 149 3355 m
173 3280 243 3355 fuit
259 3309 338 3355 non
357 3308 543 3382 paucum,
570 3309 685 3382 aquo
701 3283 920 3356 Choroides·
933 3285 1065 3382 plexus

118 3399 266 3473 llebaut.
287 3406 332 3472 In
348 3402 423 3475 ileo
443 3416 564 3473 autem
583 3416 725 3499 septem
756 3426 803 3471 au
832 3416 918 3472 octo
942 3426 1066 3473 annu-

117 3518 152 3588 ia
168 3520 306 3616 spatia,
324 3544 442 3616 eaque
459 3519 681 3625 qigricautia
698 3545 706 3586 :
729 3517 868 3614 quibus
883 3519 922 3590 in
938 3521 1065 3616 spatiis

120 3633 246 3707 ndulae
263 3636 393 3708 ciceris
414 3634 690 3734 magnitudine,
710 3635 864 3707 materia
882 3633 966 3706 alba
984 3634 1064 3732 ple·

117 3870 144 3949 i)
163 3871 203 3929 ll.
227 3868 305 3928 16et
323 3871 367 3930 18.
