2580 4514
37 352 45 387 ι
132 323 206 397 680
303 344 350 391 nn
376 339 523 390 sumans
547 340 592 387 nr
617 338 743 386 causis
769 336 995 387 monnonun
1084 338 1087 343 ·

86 452 89 459 ’
136 472 281 558 partes,
304 454 466 552 exempli
487 455 603 553 gratia
633 468 808 542 uterum,
830 453 1012 524 insontes
1034 453 1140 524 existi·

136 599 304 661 memus,
319 588 363 644 nt
377 576 407 646 si
426 572 498 645 rite
511 586 668 670 pergant
687 584 889 644 menstrua
906 569 1142 668 respondere,

138 708 203 764 aut
222 693 346 789 ipsum
379 705 416 763 et
438 686 547 760 tubas
573 703 610 759 et
630 689 754 758 oraria
782 686 1014 787 hydropico
1042 688 1141 759 aliove

138 826 289 882 tumore
308 814 387 879 non
401 807 546 905 gravari
556 806 826 903 conjiciamus,
848 821 894 877 ut
908 806 942 878 si
958 805 1144 877 mulierni·

139 928 195 1000 hil
214 951 346 1000 eorum
362 925 496 997 sentiat
514 949 596 1021 quac
612 922 728 994 modo
745 922 930 995 diximus.
955 928 1002 997 In
1018 946 1145 997 summa

97 1076 99 1081 ’
139 1045 373 1117 laudandum
394 1067 525 1114 eorum
546 1043 806 1142 propositum,
823 1057 862 1113 et
882 1044 1086 1140 ingenium
1103 1056 1146 1116 est

141 1165 208 1262 qui
228 1163 341 1260 primi
366 1159 478 1233 nobis
509 1158 746 1231 tradiderunt
774 1159 1015 1232 morborum
1047 1161 1143 1258 signa.

140 1285 363 1354 Nostrarum
387 1294 511 1350 tamen
529 1277 691 1375 partium
707 1290 783 1363 est,
803 1292 848 1348 ut
868 1277 1026 1351 collatis
1047 1278 1146 1376 pluri·

142 1396 216 1470 bus
229 1422 341 1494 quam
357 1395 429 1496 ipsi
439 1394 652 1493 potuerint,
670 1408 707 1465 et
723 1393 961 1466 morborum
977 1411 1016 1468 et
1034 1395 1148 1466 dissec-

143 1515 291 1586 tionum
316 1511 505 1600 historiis,
530 1511 769 1610 dispiciamus
788 1537 871 1609 quo
892 1515 1012 1612 signo
1031 1515 1148 1599 tutius,

143 1645 180 1703 et
193 1630 359 1728 quande,
376 1655 453 1728 quo
471 1644 595 1700 autem
613 1653 738 1718 secus,
756 1628 827 1701 nec
842 1633 928 1704 siue
945 1633 1087 1704 erroris
1095 1655 1148 1730 pe-

143 1749 265 1820 riculo
280 1749 335 1820 uti
351 1749 546 1845 possimus.

110 1900 112 1904 ·
192 1865 251 1935 61.
266 1866 324 1935 Sic
341 1865 450 1935 etiam
471 1865 510 1934 in
524 1863 638 1961 hujus
656 1862 861 1962 hydropis,
879 1865 919 1936 id
943 1882 1004 1939 est
1023 1868 1149 1966 perito·

143 1983 214 2052 naei
239 1982 453 2068 curatione,
474 1996 516 2051 ut
546 1982 594 2054 de
621 1979 691 2054 hac
709 2007 884 2080 quoque,
906 1985 968 2056 uti
991 1986 1148 2084 promisi·

145 2125 240 2186 mus,
253 2097 394 2196 aliquid
408 2100 656 2198 attingamus,
674 2098 766 2197 quid
782 2101 955 2175 meliusa
970 2100 1149 2204 Tulpiolr)

146 2233 183 2289 et
204 2216 488 2313 Meekrenio(2)
508 2214 590 2289 fieri
611 2218 758 2315 potuit,
776 2241 895 2315 quam
917 2237 966 2292 ut
988 2246 1152 2320 paracen-

144 2337 275 2422 tesim,
294 2361 315 2406 a
335 2335 469 2405 Walaeo
481 2351 517 2407 et
532 2338 700 2421 Costcro,
712 2335 863 2407 vivente
880 2339 1053 2412 muliere
1067 2364 1151 2411 com·

146 2450 375 2536 mendatam,
396 2449 508 2546 hujus
527 2453 697 2548 inspecta
715 2476 783 2550 per
807 2469 1022 2526 anatomen
1040 2454 1151 2528 morbi

145 2585 280 2640 natura
305 2582 341 2638 et
372 2567 478 2655 sede,
508 2566 686 2674 adyersus
714 2569 911 2666 peritonaei
945 2570 1152 2671 hydropem

145 2686 256 2756 unice
276 2683 500 2755 laudarent?
520 2685 667 2755 Scilicet
697 2685 787 2755 hinc
816 2686 970 2757 inutilia
998 2688 1153 2760 remedia

147 2817 299 2890 catera,
318 2801 404 2872 inde
424 2815 548 2872 autem
571 2802 670 2871 illam
690 2800 870 2883 videbant
890 2821 930 2876 et
948 2806 1154 2904 expeditius

146 2934 183 2989 et
195 2920 309 2990 tutius
323 2919 466 2990 institui
478 2942 604 3015 posse,
616 2921 757 3017 quippe
768 2920 988 2994 visceribus
1002 2923 1051 2994 ab
1067 2946 1154 3020 aqua

147 3039 298 3134 penitus
314 3036 466 3108 seclusis
487 3061 607 3134 eoque
625 3037 803 3135 integris,
818 3038 925 3111 unde
942 3041 986 3110 in
1003 3040 1080 3113 hoc
1099 3040 1154 3138 hy·

149 3152 267 3250 drope
286 3153 427 3224 diutius
440 3169 626 3247 servatus,
646 3168 688 3225 ut
711 3154 874 3226 diximus
888 3156 968 3252 (3),
993 3159 1154 3258 corporis

146 3273 254 3368 vigor
275 3294 360 3341 cum
379 3273 570 3343 actionum
589 3273 847 3344 incolumitate
875 3276 1022 3370 procul
1049 3276 1154 3349 dubio

69 3448 75 3463 χ
149 3387 454 3485 estrepetendus.
474 3388 610 3460 lisdem
622 3389 833 3462 rationibus
852 3395 1029 3488 permoti
1046 3393 1155 3467 caeteri

68 3684 71 3689 ’
186 3687 231 3764 (1)
252 3688 309 3744 Cit.
327 3688 365 3744 ad
377 3706 408 3743 n.
423 3693 471 3765 49.

188 3784 229 3866 (α)
251 3788 329 3844 uid.

189 3885 232 3964 (3)
253 3888 290 3943 N.
314 3885 361 3944 58.
