2580 4514
243 394 287 460 82
407 413 452 457 oa
478 411 624 460 sumnus
650 415 693 458 ar
719 411 842 458 causis
868 410 1075 460 nonroauu

240 529 339 598 inter
356 550 393 598 se
414 527 776 597 communicationes
794 524 895 595 haud
923 524 1056 596 melius
1081 529 1234 623 perspici
1284 614 1286 621 Ι

239 647 476 744 potuissent,
506 647 534 716 si
564 645 700 739 injecta
727 642 939 714 rubicunda
967 668 1051 713 cera
1086 641 1235 716 luissent

235 763 388 860 repleta.
410 765 468 834 Sic
486 760 652 834 conferta
671 763 850 858 utrinque
874 763 912 831 iu
932 760 1128 833 urethram
1157 785 1233 858 per·

239 880 429 969 tinebant,
455 882 561 975 cujus
587 880 805 950 interiorem
835 877 966 950 faciem
990 875 1160 949 conferta
1184 879 1237 949 vel

238 999 381 1095 magis,
405 1023 527 1094 eoque
547 1021 625 1067 non
649 998 702 1067 ita
721 995 902 1093 pulchra,
924 995 1173 1093 occupabant.
1195 1000 1235 1064 ln
1263 1005 1266 1012 '

237 1118 400 1188 mesaraei
428 1115 676 1202 dissectione,
709 1114 814 1210 quod
840 1112 1098 1211 pinguedine,-
1122 1131 1236 1210 caque

235 1236 384 1333 optimae
411 1249 533 1320 notre,
557 1248 598 1303 ut
628 1247 766 1303 caeterae
794 1247 936 1328 partes,
965 1230 1051 1329 plus
1076 1253 1192 1327 quarn
1207 1246 1237 1299 'a

184 1386 188 1391 ·
234 1352 360 1451 primo
391 1350 640 1433 credidisses,
672 1347 915 1435 abundabat,
947 1347 1145 1447 glandulas
1164 1347 1236 1418 vidi

141 1507 143 1511 ’
235 1493 341 1540 sanas
365 1466 547 1564 (pridem,
575 1467 639 1538 sed
662 1468 765 1561 justo
791 1467 970 1561 majores,
997 1467 1233 1563 cumplures

233 1608 360 1657 earum
376 1581 470 1654 fabis
486 1599 608 1655 esseut
620 1583 678 1654 vel
688 1582 1076 1680 grandioribuspares.
1091 1587 1234 1654 Mesen-

233 1705 356 1774 tericae
369 1703 511 1773 arteriae
526 1702 730 1800 superioris
744 1701 893 1772 initium
907 1702 1065 1772 coeliacae
1080 1722 1232 1799 quoque

234 1846 436 1894 commune
466 1835 555 1892 erat.
594 1821 799 1891 Coronaria
826 1818 1026 1891 ventriculi
1053 1818 1231 1891 diametro

233 1954 312 2012 erat
336 1939 447 2036 longe
475 1937 656 2036 ampliore
685 1962 798 2035 quarn
822 1937 946 2009 soleat.
979 1942 1084 2009 Vena
1109 1953 1232 2010 autern

232 2081 340 2144 cava,
360 2055 451 2127 durn
473 2080 584 2154 supra
607 2057 773 2154 itemque
785 2052 882 2126 infra
894 2056 1023 2150 jecur,
1051 2055 1230 2153 quemad·

230 2172 387 2245 modurn
411 2176 449 2244 in
473 2174 627 2245 theatris
647 2173 868 2244 anatomicis
886 2171 968 2244 fieri
986 2188 1040 2244 est
1057 2174 1230 2262 solitum,

229 2291 477 2377 incideretur,
491 2316 539 2362 ne
553 2307 697 2388 guttam
712 2289 866 2388 quidem
881 2286 1014 2361 effudit
1028 2295 1228 2390 sanguinis.

229 2406 408 2481 Thoracis
433 2424 639 2507 utrumque
673 2432 803 2479 cavum
834 2406 968 2478 habuit
997 2409 1228 2506 aliquantum

229 2548 344 2621 aquae,
354 2525 459 2595 nullo
475 2525 601 2595 colore
617 2523 777 2612 infectae,
788 2525 1132 2622 pulmonesautern
1150 2551 1227 2600 aere

228 2643 399 2741 turgidos
411 2645 448 2715 et
458 2643 596 2740 pleuroe
606 2657 739 2740 atergo
748 2659 784 2714 et
799 2642 845 2714 ab
859 2642 1037 2714 lateribus
1050 2668 1224 2717 annexos

228 2761 412 2846 Inlcorde
442 2776 478 2833 et
491 2760 736 2858 ,jugularibus
759 2761 889 2843 venis,
917 2760 955 2831 in
982 2760 1123 2858 quibus
1147 2764 1229 2862 plus

228 2881 419 2975 sanguinis
428 2878 498 2950 fuit
507 2932 516 2966 ‚
525 2903 639 2975 quam
653 2880 692 2948 in
700 2879 806 2950 venis
814 2876 1056 2951 inferioribus
1066 2933 1076 2966 ‚
1087 2879 1230 2979 aliquid

225 2995 426 3093 polyposi‚
455 2996 578 3067 cordis
610 2997 770 3093 parietes
799 3021 820 3065 a
851 2997 1007 3067 sinistris
1035 2997 1230 3071 evidenter

225 3114 423 3184 crassiores
444 3137 556 3209 quam
578 3138 645 3210 par
671 3128 792 3198 esset,
812 3138 900 3184 curn
919 3139 940 3184 a
965 3113 1105 3185 dextris
1123 3117 1231 3188 vide-

224 3242 361 3336 rentur¹
389 3252 497 3325 aequo
523 3231 724 3303 tenuiores.
749 3230 859 3302 Nulla
885 3246 1010 3302 tamen
1036 3234 1234 3306 ventricu·

224 3344 377 3432 lorum,
406 3362 468 3416 aut
493 3372 704 3436 venarum,
734 3364 798 3418 aut
825 3351 966 3419 arteriae
994 3347 1234 3447 pulmonaris

223 3462 409 3551 dilatatio,
422 3479 486 3534 aut
496 3467 621 3536 trunci
631 3465 802 3563 denique
816 3468 957 3537 arteriae
973 3456 1125 3562 magnae.
1140 3470 1235 3541 Erat

148 3626 149 3629 =
224 3578 378 3676 quidem
403 3583 443 3651 in
471 3581 585 3677 hujus
611 3583 766 3655 valvulis
795 3583 937 3680 aliquid
969 3582 1159 3673 subduri,
1189 3589 1230 3657 in

222 3697 381 3794 ipsoque
396 3714 533 3769 trunco
549 3714 630 3769 turn
646 3724 766 3798 prope
783 3725 864 3789 cor,
882 3717 963 3773 turn
979 3699 1068 3772 alibi
1087 3704 1231 3798 passim

118 3910 122 3917 .
221 3815 327 3885 initia
346 3812 478 3886 futurae
503 3816 594 3886 olim
616 3819 657 3888 in
682 3842 724 3889 os
746 3820 983 3907 mutationis,
1008 3817 1105 3890 flavo
1130 3819 1233 3891 dun·

180 3912 320 4017 'ltaxat
339 3933 506 4030 quodam
526 3935 653 4008 colore
673 3935 855 4027 indicata,
883 3939 976 4034 quin
997 3937 1108 4010 etiam
1128 3937 1229 4011 dura
