2580 4514
190 352 264 429 658
357 375 402 427 or
429 371 574 423 saniant
600 340 644 419 ir
669 369 793 421 esaan
815 374 1045 425 -uoaaoaoat

192 506 310 575 teras3
329 501 371 559 ut
389 500 590 584 propterea
608 484 649 561 in
671 485 760 583 ipsis
780 483 1013 561 abdominis
1034 489 1198 579 musculis

120 590 125 597 ¹
192 605 345 704 <pidem
366 621 554 689 tumorem
572 625 651 675 esse
670 601 881 691 crederent.
898 605 977 677 atii
994 631 1093 695 vero
1110 605 1200 679 faciei

176 711 320 797 ¹‹tolore
348 735 541 819 spectato,
576 721 643 815 qui
675 719 722 791 ad
755 718 895 795 ssavum
930 724 1147 797 inclinabat
1170 739 1199 796 et

190 841 372 926 maximo,
392 837 439 913 de
461 862 539 934 quo
568 837 702 913 mulier
725 838 916 936 principue
947 840 1198 937 querebatur,

190 959 446 1056 respirationis
464 954 729 1040 incommodo,
750 953 1026 1030 tid-viscerum
1057 957 1197 1057 aliquod

182 1077 346 1151 -attinere
359 1090 545 1159 tumorem
563 1071 776 1148 censebant.
794 1072 960 1146 Nullum
983 1091 1118 1149 tamen
1136 1089 1198 1148 erat

189 1193 263 1270 laeai
280 1191 497 1277 ventriculi,
517 1205 580 1263 aut
597 1190 864 1263 intestinorum
886 1191 1100 1264 indicium.
1116 1199 1196 1265 Inter

189 1335 253 1385 rea
264 1335 350 1383 cum
367 1308 414 1382 ad
432 1309 572 1392 levem,
586 1333 660 1404 qua
676 1307 900 1395 tenebatur,
919 1308 1078 1382 febrem
1099 1314 1195 1410 nigra

187 1429 413 1501 vomitiones
432 1426 690 1512 accessissent,
711 1427 908 1495 mersvitae
927 1429 1084 1525 misere
1095 1428 1194 1500 finan

189 1545 376 1643 imposuit.
394 1544 565 1627 Ventris,
595 1542 661 1637 qui
685 1541 810 1613 minus
837 1566 960 1640 quam
983 1546 1028 1616 in
1061 1548 1194 1635 vivente

188 1660 336 1739 sitisset,
353 1659 520 1731 tumidus
546 1656 943 1748 animadvertebatur,
959 1664 1193 1763 integumem

188 1781 235 1852 tis
251 1794 287 1850 et
306 1776 486 1848 musculis
514 1775 713 1875 diligenter
742 1777 946 1872 separatis,
970 1795 1012 1851 et
1042 1807 1129 1853 cum
1148 1779 1193 1869 liis

188 1895 343 1969 tendine
369 1896 451 1992 ipso
478 1907 798 1980 transuersorum,
819 1891 999 1989 subjecta
1032 1898 1192 1998 apparuit

187 2012 325 2084 borum
343 2009 603 2083 musculorum
618 2024 661 2081 et
685 2008 848 2096 tendini,
874 2025 914 2082 et
948 2018 1064 2086 carni
1092 2039 1191 2088 meme

187 2127 304 2209 larana
326 2129 467 2212 tenuis,
483 2151 594 2223 quam
612 2127 710 2199 inter
724 2141 761 2197 et
776 2125 957 2217 alteram,
974 2133 1093 2229 cujus
1110 2158 1191 2221 crasi

187 2245 310 2321 situdo
322 2270 434 2317 unam
446 2242 616 2339 {equabat
634 2241 770 2314 lineam
790 2245 913 2316 unciae
929 2250 1192 2336 Bononiensis,

188 2376 319 2457 cavum
339 2359 732 2458 comprehendebatur
758 2385 835 2433 non
864 2363 990 2447 modo
1010 2382 1192 2459 tumorem

187 2483 386 2557 continens
404 2479 573 2550 lunatum
593 2475 821 2550 membranae
832 2484 1053 2573 exteriori,
1074 2509 1192 2560 venun

187 2600 297 2671 etiam
319 2596 495 2668 deorsum
517 2610 553 2667 et
573 2596 620 2665 ad
640 2593 736 2667 latus
761 2611 978 2694 utrumque
1009 2626 1053 2676 se
1075 2621 1192 2677 extem

187 2715 304 2801 dens,
320 2730 361 2785 ut
372 2713 572 2810 plurimam
584 2710 829 2785 concluderet
841 2737 991 2811 aquam
1001 2722 1192 2809 ,colorari

188 2836 346 2907 similem
366 2834 404 2903 in
419 2856 491 2926 qua
503 2854 591 2902 caro
609 2853 740 2901 recens
758 2828 833 2905 lota
849 2846 929 2918 est,
954 2835 1084 2914 odore
1097 2856 1193 2915 teteo

187 2952 304 3041 rimo,
326 2949 490 3021 crassitie
505 2961 629 3021 autem
641 2971 716 3042 qua
732 2961 838 3045 parte
851 2947 1111 3041 subsederat,
1137 2983 1193 3056 put

185 3068 357 3141 nulenta:
378 3066 438 3160 cuj
446 3089 487 3137 us
503 3089 608 3160 aqua
624 3066 732 3162 copia
749 3064 924 3139 aestimari
942 3077 1082 3166 potuit
1100 3076 1144 3147 ad
1159 3076 1194 3146 li.

186 3182 273 3271 bras
287 3183 438 3278 triginta
459 3206 536 3251 non
557 3195 632 3255 tam
648 3206 693 3251 ex
709 3180 751 3255 ea'
777 3206 858 3278 quae
879 3184 920 3280 in
942 3187 1015 3260 illo
1032 3216 1132 3265 ,cavo
1145 3219 1193 3265 ra

186 3315 292 3400 perta
314 3316 388 3384 est,
414 3324 526 3394 quam
542 3324 586 3372 ex
607 3299 668 3371 illa
688 3323 772 3396 quae
787 3308 798 3393 ,
812 3324 928 3377 erosa
952 3301 1082 3381 ferma
1104 3339 1126 3385 a
1148 3337 1193 3383 ra

126 3496 129 3501 ,
187 3422 298 3515 giouc
317 3415 544 3503 uentriculi,
570 3412 746 3490 inferiore
773 3416 857 3489 cavi
879 3423 1137 3518 membrana,
1157 3431 1191 3498 io

185 3550 356 3617 ventrem
384 3556 422 3603 se
448 3530 654 3619 effuderat,
681 3531 796 3629 idque
818 3535 929 3611 eirca
958 3559 1190 3637 extremum,

187 3653 346 3746 opinor,
361 3664 531 3746 tempus,
549 3649 715 3746 indeque
730 3652 856 3723 mitius
868 3657 1071 3739 tumidum
1084 3661 1188 3735 abdof

186 3791 273 3838 men
287 3767 513 3864 apparuisse.
533 3771 714 3839 Ceterum
734 3767 941 3866 peculiaris
963 3777 1032 3873 ille
1055 3783 1186 3881 epigas·

186 3883 249 3956 trit
258 3899 385 3982 tumor
398 3909 418 3955 e
429 3880 537 3957 firma
551 3881 771 3983 ,compactio
778 3889 1085 3996 &ibiquue
1096 3896 1185 3971 subs-
