2580 4514
154 405 221 491 164
313 429 358 472 nr
384 427 529 474 sturnos
553 430 598 474 rr
622 427 745 475 crusis
770 429 980 476 uonnonnu

150 541 200 611 ob
220 541 257 610 id
271 544 382 610 etiarn
399 541 633 629 describere,
651 542 757 638 quod
773 545 812 612 in
826 568 959 614 eorum
982 545 1122 642 catalogo

151 685 315 757 quorum
336 659 616 730 observationes
633 661 672 728 in
684 660 973 757 Sepulchretum
991 677 1122 733 suntre·

149 779 249 857 late,
266 794 306 848 ut
324 776 596 847 Piccolhomini
612 778 661 847 ita
674 793 710 847 et
727 779 886 848 Cortesii
900 803 1040 850 nomen
1051 777 1123 848 frus

149 911 205 967 tra
226 896 395 992 quaesivi:
412 895 539 991 itaque
554 919 623 965 nec
641 893 853 966 observatio
870 896 950 966 haec
969 899 1008 965 in
1020 898 1123 969 sectio·

149 1041 197 1084 ue
214 1019 300 1084 Xlll
316 1038 398 1110 quae
412 1012 461 1082 de
474 1012 716 1082 adstrictione
732 1013 810 1083 alvi
829 1013 1064 1103 inscribitur,
1080 1037 1123 1084 us·

149 1157 261 1229 quam
285 1132 501 1216 invenitnr3
523 1128 587 1199 sed
613 1129 694 1224 ejus
711 1130 796 1199 loco
820 1131 891 1200 alia
908 1132 1074 1228 quiedam
1088 1130 1124 1226 (ι)

145 1263 376 1318 memoratur
392 1246 557 1329 Willisii,
576 1246 683 1340 quasi
709 1261 917 1334 constaret,
937 1268 1125 1318 excrescen·
1157 1266 1171 1355 Ἰ

148 1382 219 1435 tzor
239 1363 424 1461 quosdam
438 1387 607 1450 carneas,
635 1388 717 1458 quoe
741 1369 920 1433 intestinis
944 1365 1126 1462 majoribus
1168 1358 1171 1433 l

147 1491 266 1553 instar·
294 1481 550 1551 auricularum
575 1468 689 1550 inuris
713 1479 1018 1552 adnascebnntur
1032 1480 1127 1580 pluri·
1168 1508 1171 1575 ς

147 1625 219 1670 mee
238 1624 287 1668 ex
304 1614 463 1695 utroque
481 1603 737 1668 intestinorum
760 1598 836 1667 ooli
859 1615 898 1668 et
916 1606 1010 1671 recti
1033 1600 1127 1670 latere

148 1716 202 1785 nd
214 1730 314 1785 certa
329 1722 440 1812 quusi
452 1715 578 1785 stadio
595 1721 714 1785 instar
727 1740 919 1786 ramorum
930 1718 1075 1787 arboris
1087 1738 1128 1812 ge

147 1833 269 1904 melloe
291 1832 544 1930 prodeuntes,
572 1835 702 1928 quasi,
734 1833 909 1929 inquam,
940 1846 1128 1927 constaret,

146 1977 225 2022 non
239 1951 400 2021 exterius
414 1950 500 2038 has,
517 1965 559 2020 ut
575 1949 668 2019 mihi
685 1949 840 2046 quidem
855 1950 1005 2022 videtur
1021 1949 1129 2033 fuisse,

146 2094 217 2139 nec
243 2066 397 2139 fortasse
420 2067 521 2138 aliud
553 2091 665 2163 quarn
691 2066 864 2164 adiposas
888 2068 961 2138 coli
982 2069 1128 2163 rectique

147 2186 433 2283 appendiculas,
451 2189 489 2254 in
513 2184 670 2281 quibus,
689 2184 887 2281 absumpta
905 2183 1128 2284 pinguedine,

147 2302 355 2400 sanguifera
367 2303 516 2373 vascula
535 2301 740 2388 ruberent;
759 2303 797 2371 in
815 2301 944 2372 tabido
956 2302 1129 2373 enimviro

146 2421 225 2491 haec
241 2420 463 2491 observabat
482 2416 680 2507 Willisius,
698 2420 762 2516 qui
778 2416 897 2488 simile
911 2419 1088 2516 quiddam
1103 2419 1129 2484 in

148 2539 226 2608 alio
246 2539 374 2609 tabido
394 2539 631 2634 conspexisse
649 2561 688 2607 se
708 2539 768 2607 ait.
788 2536 860 2607 Sed
877 2536 1037 2634 perinde
1057 2527 1130 2606 acsi

148 2673 290 2728 certum
309 2672 422 2742 esset,
440 2645 619 2726 interiora
641 2655 826 2740 tenuisse,
845 2668 882 2725 et
900 2656 950 2725 sic
973 2654 1045 2724 alvi
1066 2650 1130 2724 ads·

146 2778 358 2846 trictionem
378 2772 526 2860 fecisse,
548 2797 654 2843 casus
674 2772 790 2869 puelli
811 2773 850 2841 in
871 2772 1017 2843 scholio
1037 2767 1130 2862 subji-

147 2895 263 2980 citur,
282 2895 347 2990 qui
368 2909 491 2989 egesta
513 2915 632 2962 massa
652 2914 786 2960 carnea
806 2890 950 2986 ingenti
971 2905 1008 2960 et
1022 2903 1129 2959 notam

147 3025 319 3080 servante
340 3035 415 3107 qua
441 3009 626 3079 intestinis
660 3007 881 3094 adhaeserat,
907 3020 940 3076 a'
957 3008 1129 3103 pertinace

146 3127 218 3195 alvi
233 3125 492 3196 obstructione
506 3123 602 3194 liber
616 3126 791 3193 evaserat.
805 3127 861 3190 Tu
881 3147 973 3191 vero
989 3137 1053 3192 aut
1064 3112 1129 3188 Wil·

113 3314 116 3320 ,
146 3242 230 3314 lisio
253 3243 445 3338 inspecto,
467 3257 529 3310 aut
559 3241 632 3310 alio
659 3237 894 3336 Sepulchreti
914 3232 1127 3334 libr0(r)i11

147 3385 224 3456 quo
245 3357 364 3430 fusius
381 3359 452 3427 viri
472 3359 552 3453 ejus
570 3356 725 3428 historia
749 3357 945 3453 proposita
970 3372 1042 3443 est,
1061 3368 1127 3425 cum

146 3502 188 3547 ea
206 3502 288 3573 quae
301 3476 377 3545 dixi
391 3499 659 3572 recognosces,
676 3490 757 3544 tum
774 3471 869 3543 illud
882 3475 921 3542 in
942 3473 1071 3570 primis
1083 3472 1127 3536 in·

145 3594 310 3691 telliges,
341 3594 407 3691 qui
438 3598 569 3690 spuria
594 3590 771 3690 paralysi
805 3603 1000 3662 teneretur
1036 3587 1126 3659 totius

143 3757 1117 3789 ,ψ’-ΜΛ

184 3878 228 3954 (1)
248 3880 320 3934 0bs.
339 3900 369 3949 1,
388 3884 403 3949 §
422 3885 448 3957 4.ι

184 3978 228 4056 (α)
249 3981 263 4035 1
278 3989 349 4038 sect.
368 3979 421 4046 13,
438 3977 502 4033 obs.
520 3997 544 4031 1.
