<?xml version="1.0" encoding="UTF-8"?>
<!DOCTYPE html PUBLIC "-//W3C//DTD XHTML 1.0 Transitional//EN"
    "http://www.w3.org/TR/xhtml1/DTD/xhtml1-transitional.dtd">
<html xmlns="http://www.w3.org/1999/xhtml" xml:lang="en" lang="en">
 <head>
  <title>
</title>
<meta http-equiv="Content-Type" content="text/html;charset=utf-8" />
  <meta name='ocr-system' content='tesseract 3.04.00' />
  <meta name='ocr-capabilities' content='ocr_page ocr_carea ocr_par ocr_line ocrx_word'/>
</head>
<body>
  <div class='ocr_page' id='page_1' title='image "./desedibusetcaus00adelgoog_0077.png"; bbox 0 0 2580 4514; ppageno 0'>
   <div class='ocr_carea' id='block_1_1' title="bbox 47 395 959 470">
    <p class='ocr_par' dir='ltr' id='par_1_1' title="bbox 47 395 959 470">
     <span class='ocr_line' id='line_1_1' title="bbox 47 395 959 470; baseline -0.008 0"><span class='ocrx_word' id='word_1_1' title='bbox 47 444 55 459; x_wconf 81' lang='lat'><em>.</em></span> <span class='ocrx_word' id='word_1_2' title='bbox 125 395 172 470; x_wconf 88' lang='lat'><strong>68</strong></span> <span class='ocrx_word' id='word_1_3' title='bbox 291 418 338 467; x_wconf 76' lang='lat' dir='ltr'><strong>mr</strong></span> <span class='ocrx_word' id='word_1_4' title='bbox 363 417 509 469; x_wconf 77' lang='lat' dir='ltr'><strong>sentens</strong></span> <span class='ocrx_word' id='word_1_5' title='bbox 534 418 578 467; x_wconf 82' lang='lat' dir='ltr'><strong>rr</strong></span> <span class='ocrx_word' id='word_1_6' title='bbox 603 416 726 467; x_wconf 70' lang='lat' dir='ltr'><strong>causis</strong></span> <span class='ocrx_word' id='word_1_7' title='bbox 751 417 959 465; x_wconf 77' lang='lat' dir='ltr'><strong>noaroauu</strong></span> 
     </span>
    </p>
   </div>
   <div class='ocr_carea' id='block_1_2' title="bbox 112 532 1131 4034">
    <p class='ocr_par' dir='ltr' id='par_1_2' title="bbox 112 532 1131 4034">
     <span class='ocr_line' id='line_1_2' title="bbox 126 532 1129 631; baseline -0.003 -29"><span class='ocrx_word' id='word_1_8' title='bbox 126 532 173 603; x_wconf 90' lang='lat' dir='ltr'><strong>ad</strong></span> <span class='ocrx_word' id='word_1_9' title='bbox 190 534 408 631; x_wconf 86' lang='lat' dir='ltr'><strong>contiguum</strong></span> <span class='ocrx_word' id='word_1_10' title='bbox 425 533 542 631; x_wconf 89' lang='lat' dir='ltr'><strong>pelvis</strong></span> <span class='ocrx_word' id='word_1_11' title='bbox 556 532 672 620; x_wconf 77' lang='lat' dir='ltr'><strong>latuS‚</strong></span> <span class='ocrx_word' id='word_1_12' title='bbox 693 559 738 604; x_wconf 83' lang='lat' dir='ltr'><strong>ex</strong></span> <span class='ocrx_word' id='word_1_13' title='bbox 759 546 865 630; x_wconf 91' lang='lat' dir='ltr'><strong>parte</strong></span> <span class='ocrx_word' id='word_1_14' title='bbox 890 545 1016 602; x_wconf 86' lang='lat' dir='ltr'><strong>autem</strong></span> <span class='ocrx_word' id='word_1_15' title='bbox 1037 555 1129 626; x_wconf 90' lang='lat' dir='ltr'><strong>qua·</strong></span> 
     </span>
     <span class='ocr_line' id='line_1_3' title="bbox 126 647 1131 748; baseline -0.003 -27"><span class='ocrx_word' id='word_1_16' title='bbox 126 651 212 721; x_wconf 88' lang='lat' dir='ltr'><strong>dam</strong></span> <span class='ocrx_word' id='word_1_17' title='bbox 229 653 276 723; x_wconf 92' lang='lat' dir='ltr'><strong>ad</strong></span> <span class='ocrx_word' id='word_1_18' title='bbox 300 652 472 748; x_wconf 84' lang='lat' dir='ltr'><strong>proxima</strong></span> <span class='ocrx_word' id='word_1_19' title='bbox 498 651 609 721; x_wconf 92' lang='lat' dir='ltr'><strong>etiam</strong></span> <span class='ocrx_word' id='word_1_20' title='bbox 627 651 804 721; x_wconf 90' lang='lat' dir='ltr'><strong>intestina</strong></span> <span class='ocrx_word' id='word_1_21' title='bbox 826 650 878 721; x_wconf 87' lang='lat' dir='ltr'><strong>sic</strong></span> <span class='ocrx_word' id='word_1_22' title='bbox 898 663 939 720; x_wconf 91' lang='lat' dir='ltr'><strong>ut</strong></span> <span class='ocrx_word' id='word_1_23' title='bbox 963 647 1131 719; x_wconf 86' lang='lat' dir='ltr'><strong>cumbis</strong></span> 
     </span>
     <span class='ocr_line' id='line_1_4' title="bbox 123 765 1129 864; baseline -0.002 -28"><span class='ocrx_word' id='word_1_24' title='bbox 123 768 267 838; x_wconf 88' lang='lat' dir='ltr'><strong>moveri</strong></span> <span class='ocrx_word' id='word_1_25' title='bbox 298 765 559 863; x_wconf 88' lang='lat' dir='ltr'><strong>quadantenus</strong></span> <span class='ocrx_word' id='word_1_26' title='bbox 588 781 724 864; x_wconf 87' lang='lat' dir='ltr'><strong>posset.</strong></span> <span class='ocrx_word' id='word_1_27' title='bbox 750 771 804 836; x_wconf 80' lang='lat' dir='ltr'><strong>Ex</strong></span> <span class='ocrx_word' id='word_1_28' title='bbox 832 765 1129 836; x_wconf 85' lang='lat' dir='ltr'><strong>inflammatione</strong></span> 
     </span>
     <span class='ocr_line' id='line_1_5' title="bbox 123 882 1129 970; baseline -0.003 -16"><span class='ocrx_word' id='word_1_29' title='bbox 123 885 298 970; x_wconf 85' lang='lat' dir='ltr'><strong>intestina</strong></span> <span class='ocrx_word' id='word_1_30' title='bbox 314 883 478 955; x_wconf 86' lang='lat' dir='ltr'>livebant</span> <span class='ocrx_word' id='word_1_31' title='bbox 497 910 504 952; x_wconf 92' lang='lat'>:</span> <span class='ocrx_word' id='word_1_32' title='bbox 526 906 596 953; x_wconf 92' lang='lat' dir='ltr'><strong>nec</strong></span> <span class='ocrx_word' id='word_1_33' title='bbox 623 882 719 954; x_wconf 88' lang='lat' dir='ltr'><strong>male</strong></span> <span class='ocrx_word' id='word_1_34' title='bbox 746 882 899 954; x_wconf 88' lang='lat' dir='ltr'><strong>olebant</strong></span> <span class='ocrx_word' id='word_1_35' title='bbox 923 899 1069 970; x_wconf 88' lang='lat' dir='ltr'><strong>tamen,</strong></span> <span class='ocrx_word' id='word_1_36' title='bbox 1086 896 1129 952; x_wconf 92' lang='lat' dir='ltr'><strong>ut</strong></span> 
     </span>
     <span class='ocr_line' id='line_1_6' title="bbox 122 997 1129 1097; baseline -0.001 -26"><span class='ocrx_word' id='word_1_37' title='bbox 122 1025 194 1072; x_wconf 91' lang='lat' dir='ltr'><strong>nec</strong></span> <span class='ocrx_word' id='word_1_38' title='bbox 210 1001 464 1088; x_wconf 85' lang='lat' dir='ltr'><strong>ventriculus,</strong></span> <span class='ocrx_word' id='word_1_39' title='bbox 483 1023 598 1097; x_wconf 92' lang='lat' dir='ltr'><strong>quem</strong></span> <span class='ocrx_word' id='word_1_40' title='bbox 614 1000 661 1070; x_wconf 88' lang='lat' dir='ltr'><strong>ad</strong></span> <span class='ocrx_word' id='word_1_41' title='bbox 680 1025 740 1070; x_wconf 91' lang='lat' dir='ltr'><strong>me</strong></span> <span class='ocrx_word' id='word_1_42' title='bbox 760 999 883 1071; x_wconf 90' lang='lat' dir='ltr'><strong>attulit</strong></span> <span class='ocrx_word' id='word_1_43' title='bbox 897 1001 1005 1096; x_wconf 87' lang='lat' dir='ltr'><strong>isqui</strong></span> <span class='ocrx_word' id='word_1_44' title='bbox 1023 997 1129 1070; x_wconf 84' lang='lat' dir='ltr'><strong>cada-</strong></span> 
     </span>
     <span class='ocr_line' id='line_1_7' title="bbox 121 1117 1128 1215; baseline -0.003 -26"><span class='ocrx_word' id='word_1_45' title='bbox 121 1134 188 1190; x_wconf 86' lang='lat' dir='ltr'><strong>ver</strong></span> <span class='ocrx_word' id='word_1_46' title='bbox 207 1119 344 1207; x_wconf 84' lang='lat' dir='ltr'><strong>secuit,</strong></span> <span class='ocrx_word' id='word_1_47' title='bbox 361 1135 398 1189; x_wconf 88' lang='lat' dir='ltr'><strong>et</strong></span> <span class='ocrx_word' id='word_1_48' title='bbox 415 1133 546 1189; x_wconf 86' lang='lat' dir='ltr'><strong>caetera</strong></span> <span class='ocrx_word' id='word_1_49' title='bbox 566 1143 649 1215; x_wconf 84' lang='lat' dir='ltr'><strong>quae</strong></span> <span class='ocrx_word' id='word_1_50' title='bbox 669 1117 853 1189; x_wconf 87' lang='lat' dir='ltr'><strong>hactenus</strong></span> <span class='ocrx_word' id='word_1_51' title='bbox 870 1119 1007 1215; x_wconf 87' lang='lat' dir='ltr'><strong>scripta</strong></span> <span class='ocrx_word' id='word_1_52' title='bbox 1026 1131 1128 1205; x_wconf 84' lang='lat' dir='ltr'><strong>sunt,</strong></span> 
     </span>
     <span class='ocr_line' id='line_1_8' title="bbox 120 1206 1126 1333; baseline -0.002 -26"><span class='ocrx_word' id='word_1_53' title='bbox 120 1234 321 1333; x_wconf 85' lang='lat' dir='ltr'>diligenter</span> <span class='ocrx_word' id='word_1_54' title='bbox 346 1236 510 1305; x_wconf 87' lang='lat' dir='ltr'><strong>narravit</strong></span> <span class='ocrx_word' id='word_1_55' title='bbox 533 1234 716 1305; x_wconf 86' lang='lat' dir='ltr'><strong>Mediavia</strong></span> <span class='ocrx_word' id='word_1_56' title='bbox 739 1250 877 1305; x_wconf 89' lang='lat' dir='ltr'><strong>noster.</strong></span> <span class='ocrx_word' id='word_1_57' title='bbox 895 1206 1018 1305; x_wconf 52' lang='lat' dir='ltr'><strong>’Causa</strong></span> <span class='ocrx_word' id='word_1_58' title='bbox 1037 1230 1126 1305; x_wconf 87' lang='lat' dir='ltr'><strong>affe·</strong></span> 
     </span>
     <span class='ocr_line' id='line_1_9' title="bbox 117 1350 1125 1448; baseline -0.005 -25"><span class='ocrx_word' id='word_1_59' title='bbox 117 1353 229 1425; x_wconf 87' lang='lat' dir='ltr'><strong>rendi</strong></span> <span class='ocrx_word' id='word_1_60' title='bbox 246 1351 334 1440; x_wconf 83' lang='lat' dir='ltr'><strong>fuit,</strong></span> <span class='ocrx_word' id='word_1_61' title='bbox 353 1367 395 1422; x_wconf 89' lang='lat' dir='ltr'><strong>ut</strong></span> <span class='ocrx_word' id='word_1_62' title='bbox 421 1350 697 1422; x_wconf 86' lang='lat' dir='ltr'><strong>dubitationem</strong></span> <span class='ocrx_word' id='word_1_63' title='bbox 718 1351 921 1448; x_wconf 88' lang='lat' dir='ltr'><strong>quamdam</strong></span> <span class='ocrx_word' id='word_1_64' title='bbox 949 1351 1021 1447; x_wconf 87' lang='lat' dir='ltr'><strong>ipsi</strong></span> <span class='ocrx_word' id='word_1_65' title='bbox 1048 1350 1125 1420; x_wconf 82' lang='lat' dir='ltr'><strong>exi-</strong></span> 
     </span>
     <span class='ocr_line' id='line_1_10' title="bbox 118 1469 1123 1567; baseline -0.006 -24"><span class='ocrx_word' id='word_1_66' title='bbox 118 1496 261 1543; x_wconf 86' lang='lat' dir='ltr'>merem</span> <span class='ocrx_word' id='word_1_67' title='bbox 304 1483 505 1567; x_wconf 85' lang='lat' dir='ltr'><strong>postquam</strong></span> <span class='ocrx_word' id='word_1_68' title='bbox 542 1469 792 1538; x_wconf 87' lang='lat' dir='ltr'><strong>ventriculum</strong></span> <span class='ocrx_word' id='word_1_69' title='bbox 827 1469 1123 1565; x_wconf 84' lang='lat' dir='ltr'><strong>perlustrassem.</strong></span> 
     </span>
     <span class='ocr_line' id='line_1_11' title="bbox 118 1583 1124 1685; baseline -0.005 -24"><span class='ocrx_word' id='word_1_70' title='bbox 118 1594 207 1661; x_wconf 84' lang='lat' dir='ltr'><strong>Erat</strong></span> <span class='ocrx_word' id='word_1_71' title='bbox 239 1588 302 1659; x_wconf 92' lang='lat' dir='ltr'><strong>hic</strong></span> <span class='ocrx_word' id='word_1_72' title='bbox 331 1600 571 1672; x_wconf 87' lang='lat' dir='ltr'><strong>contractus,</strong></span> <span class='ocrx_word' id='word_1_73' title='bbox 591 1583 684 1656; x_wconf 89' lang='lat' dir='ltr'><strong>facie</strong></span> <span class='ocrx_word' id='word_1_74' title='bbox 705 1586 884 1658; x_wconf 91' lang='lat' dir='ltr'><strong>interiore</strong></span> <span class='ocrx_word' id='word_1_75' title='bbox 901 1589 1038 1685; x_wconf 91' lang='lat' dir='ltr'><strong>passim</strong></span> <span class='ocrx_word' id='word_1_76' title='bbox 1061 1586 1124 1656; x_wconf 92' lang='lat' dir='ltr'><strong>hic</strong></span> 
     </span>
     <span class='ocr_line' id='line_1_12' title="bbox 117 1703 1124 1801; baseline -0.001 -24"><span class='ocrx_word' id='word_1_77' title='bbox 117 1706 194 1779; x_wconf 90' lang='lat' dir='ltr'><strong>illic</strong></span> <span class='ocrx_word' id='word_1_78' title='bbox 208 1703 480 1790; x_wconf 88' lang='lat' dir='ltr'><strong>inflammatus,</strong></span> <span class='ocrx_word' id='word_1_79' title='bbox 496 1704 535 1772; x_wconf 90' lang='lat' dir='ltr'><strong>in</strong></span> <span class='ocrx_word' id='word_1_80' title='bbox 553 1704 712 1801; x_wconf 89' lang='lat' dir='ltr'><strong>ipsoque</strong></span> <span class='ocrx_word' id='word_1_81' title='bbox 728 1705 809 1801; x_wconf 83' lang='lat' dir='ltr'><strong>jugi</strong></span> <span class='ocrx_word' id='word_1_82' title='bbox 822 1704 947 1775; x_wconf 90' lang='lat' dir='ltr'><strong>medio</strong></span> <span class='ocrx_word' id='word_1_83' title='bbox 960 1704 1124 1777; x_wconf 85' lang='lat' dir='ltr'><strong>habebat</strong></span> 
     </span>
     <span class='ocr_line' id='line_1_13' title="bbox 117 1819 1123 1916; baseline -0.002 -23"><span class='ocrx_word' id='word_1_84' title='bbox 117 1822 227 1894; x_wconf 88' lang='lat' dir='ltr'><strong>ulcus</strong></span> <span class='ocrx_word' id='word_1_85' title='bbox 247 1821 378 1893; x_wconf 90' lang='lat' dir='ltr'><strong>circuli</strong></span> <span class='ocrx_word' id='word_1_86' title='bbox 395 1819 512 1892; x_wconf 88' lang='lat' dir='ltr'><strong>ferme</strong></span> <span class='ocrx_word' id='word_1_87' title='bbox 530 1820 695 1906; x_wconf 89' lang='lat' dir='ltr'><strong>ambitu,</strong></span> <span class='ocrx_word' id='word_1_88' title='bbox 720 1822 826 1916; x_wconf 86' lang='lat' dir='ltr'><strong>cujus</strong></span> <span class='ocrx_word' id='word_1_89' title='bbox 853 1820 1033 1893; x_wconf 88' lang='lat' dir='ltr'><strong>diameter</strong></span> <span class='ocrx_word' id='word_1_90' title='bbox 1056 1823 1123 1893; x_wconf 89' lang='lat' dir='ltr'><strong>ali-</strong></span> 
     </span>
     <span class='ocr_line' id='line_1_14' title="bbox 117 1939 1121 2038; baseline 0.001 -26"><span class='ocrx_word' id='word_1_91' title='bbox 117 1956 261 2038; x_wconf 85' lang='lat' dir='ltr'><strong>quanto</strong></span> <span class='ocrx_word' id='word_1_92' title='bbox 291 1954 370 2011; x_wconf 89' lang='lat' dir='ltr'><strong>erat</strong></span> <span class='ocrx_word' id='word_1_93' title='bbox 396 1939 548 2010; x_wconf 85' lang='lat' dir='ltr'><strong>brevior</strong></span> <span class='ocrx_word' id='word_1_94' title='bbox 575 1939 696 2010; x_wconf 89' lang='lat' dir='ltr'><strong>tribus</strong></span> <span class='ocrx_word' id='word_1_95' title='bbox 729 1939 853 2036; x_wconf 82' lang='lat' dir='ltr'><strong>digitis</strong></span> <span class='ocrx_word' id='word_1_96' title='bbox 881 1942 1121 2031; x_wconf 78' lang='lat' dir='ltr'><strong>·transversiS‚</strong></span> 
     </span>
     <span class='ocr_line' id='line_1_15' title="bbox 116 2055 1122 2156; baseline 0.001 -27"><span class='ocrx_word' id='word_1_97' title='bbox 116 2055 375 2156; x_wconf 86' lang='lat' dir='ltr'><strong>profunditate</strong></span> <span class='ocrx_word' id='word_1_98' title='bbox 397 2058 547 2155; x_wconf 80' lang='lat' dir='ltr'><strong>exigua,</strong></span> <span class='ocrx_word' id='word_1_99' title='bbox 574 2058 716 2155; x_wconf 91' lang='lat' dir='ltr'><strong>quippe</strong></span> <span class='ocrx_word' id='word_1_100' title='bbox 744 2080 831 2126; x_wconf 91' lang='lat' dir='ltr'><strong>cum</strong></span> <span class='ocrx_word' id='word_1_101' title='bbox 851 2057 990 2128; x_wconf 88' lang='lat' dir='ltr'><strong>crebrae</strong></span> <span class='ocrx_word' id='word_1_102' title='bbox 1011 2059 1050 2128; x_wconf 93' lang='lat' dir='ltr'><strong>in</strong></span> <span class='ocrx_word' id='word_1_103' title='bbox 1076 2084 1122 2130; x_wconf 90' lang='lat' dir='ltr'><strong>eo</strong></span> 
     </span>
     <span class='ocr_line' id='line_1_16' title="bbox 116 2174 1122 2274; baseline -0.001 -27"><span class='ocrx_word' id='word_1_104' title='bbox 116 2190 344 2274; x_wconf 82' lang='lat' dir='ltr'><strong>apparerent</strong></span> <span class='ocrx_word' id='word_1_105' title='bbox 362 2174 601 2246; x_wconf 88' lang='lat' dir='ltr'><strong>lenticulares</strong></span> <span class='ocrx_word' id='word_1_106' title='bbox 618 2174 805 2272; x_wconf 74' lang='lat' dir='ltr'><strong>glandula</strong></span> <span class='ocrx_word' id='word_1_107' title='bbox 825 2175 1006 2245; x_wconf 89' lang='lat' dir='ltr'><strong>mediocri</strong></span> <span class='ocrx_word' id='word_1_108' title='bbox 1022 2201 1122 2274; x_wconf 82' lang='lat' dir='ltr'><strong>mag·</strong></span> 
     </span>
     <span class='ocr_line' id='line_1_17' title="bbox 117 2289 1120 2390; baseline 0.001 -26"><span class='ocrx_word' id='word_1_109' title='bbox 117 2293 312 2380; x_wconf 90' lang='lat' dir='ltr'><strong>nitudine‚</strong></span> <span class='ocrx_word' id='word_1_110' title='bbox 338 2305 376 2365; x_wconf 86' lang='lat' dir='ltr'><strong>et</strong></span> <span class='ocrx_word' id='word_1_111' title='bbox 404 2290 499 2363; x_wconf 91' lang='lat' dir='ltr'><strong>adeo</strong></span> <span class='ocrx_word' id='word_1_112' title='bbox 529 2289 752 2380; x_wconf 71' lang='lat' dir='ltr'><strong>manifestae,</strong></span> <span class='ocrx_word' id='word_1_113' title='bbox 780 2308 821 2362; x_wconf 89' lang='lat' dir='ltr'><strong>ut</strong></span> <span class='ocrx_word' id='word_1_114' title='bbox 851 2318 918 2390; x_wconf 91' lang='lat' dir='ltr'><strong>per</strong></span> <span class='ocrx_word' id='word_1_115' title='bbox 941 2294 1120 2366; x_wconf 88' lang='lat' dir='ltr'><strong>osculum</strong></span> 
     </span>
     <span class='ocr_line' id='line_1_18' title="bbox 116 2406 1124 2510; baseline 0.001 -28"><span class='ocrx_word' id='word_1_116' title='bbox 116 2411 221 2509; x_wconf 92' lang='lat' dir='ltr'><strong>quod</strong></span> <span class='ocrx_word' id='word_1_117' title='bbox 240 2411 282 2510; x_wconf 59' lang='lat' dir='ltr'><strong>in&gt;</strong></span> <span class='ocrx_word' id='word_1_118' title='bbox 293 2406 422 2481; x_wconf 86' lang='lat' dir='ltr'><strong>earum</strong></span> <span class='ocrx_word' id='word_1_119' title='bbox 438 2426 569 2483; x_wconf 88' lang='lat' dir='ltr'><strong>centro</strong></span> <span class='ocrx_word' id='word_1_120' title='bbox 583 2409 907 2508; x_wconf 81' lang='lat' dir='ltr'><strong>conspiciebatur,</strong></span> <span class='ocrx_word' id='word_1_121' title='bbox 926 2427 1041 2483; x_wconf 90' lang='lat' dir='ltr'><strong>setam</strong></span> <span class='ocrx_word' id='word_1_122' title='bbox 1057 2415 1124 2483; x_wconf 87' lang='lat' dir='ltr'><strong>im·</strong></span> 
     </span>
     <span class='ocr_line' id='line_1_19' title="bbox 113 2518 1121 2626; baseline 0.005 -28"><span class='ocrx_word' id='word_1_123' title='bbox 113 2528 291 2600; x_wconf 90' lang='lat' dir='ltr'><strong>miserim.</strong></span> <span class='ocrx_word' id='word_1_124' title='bbox 314 2526 447 2598; x_wconf 88' lang='lat' dir='ltr'><strong>Labris</strong></span> <span class='ocrx_word' id='word_1_125' title='bbox 464 2518 589 2598; x_wconf 86' lang='lat' dir='ltr'><strong>tamen</strong></span> <span class='ocrx_word' id='word_1_126' title='bbox 610 2527 722 2625; x_wconf 90' lang='lat' dir='ltr'><strong>paulo</strong></span> <span class='ocrx_word' id='word_1_127' title='bbox 749 2529 1001 2600; x_wconf 90' lang='lat' dir='ltr'><strong>crassiusculis</strong></span> <span class='ocrx_word' id='word_1_128' title='bbox 1021 2531 1121 2626; x_wconf 82' lang='lat' dir='ltr'><strong>ejus·</strong></span> 
     </span>
     <span class='ocr_line' id='line_1_20' title="bbox 112 2643 1119 2742; baseline 0.003 -26"><span class='ocrx_word' id='word_1_129' title='bbox 112 2646 219 2717; x_wconf 87' lang='lat' dir='ltr'><strong>modi</strong></span> <span class='ocrx_word' id='word_1_130' title='bbox 240 2645 348 2717; x_wconf 90' lang='lat' dir='ltr'><strong>ulcus</strong></span> <span class='ocrx_word' id='word_1_131' title='bbox 366 2644 608 2742; x_wconf 84' lang='lat' dir='ltr'><strong>cingebatur:</strong></span> <span class='ocrx_word' id='word_1_132' title='bbox 624 2659 661 2716; x_wconf 92' lang='lat' dir='ltr'><strong>et</strong></span> <span class='ocrx_word' id='word_1_133' title='bbox 678 2668 799 2717; x_wconf 90' lang='lat' dir='ltr'><strong>crassa</strong></span> <span class='ocrx_word' id='word_1_134' title='bbox 814 2662 892 2716; x_wconf 90' lang='lat' dir='ltr'><strong>erat</strong></span> <span class='ocrx_word' id='word_1_135' title='bbox 911 2643 1027 2736; x_wconf 86' lang='lat' dir='ltr'><strong>facta,</strong></span> <span class='ocrx_word' id='word_1_136' title='bbox 1048 2648 1119 2719; x_wconf 90' lang='lat' dir='ltr'><strong>du·</strong></span> 
     </span>
     <span class='ocr_line' id='line_1_21' title="bbox 112 2762 1120 2860; baseline 0.005 -27"><span class='ocrx_word' id='word_1_137' title='bbox 112 2788 174 2845; x_wconf 90' lang='lat' dir='ltr'><strong>ra,</strong></span> <span class='ocrx_word' id='word_1_138' title='bbox 192 2779 228 2834; x_wconf 88' lang='lat' dir='ltr'><strong>et</strong></span> <span class='ocrx_word' id='word_1_139' title='bbox 248 2762 366 2860; x_wconf 84' lang='lat' dir='ltr'><strong>magis</strong></span> <span class='ocrx_word' id='word_1_140' title='bbox 385 2786 499 2859; x_wconf 89' lang='lat' dir='ltr'><strong>quam</strong></span> <span class='ocrx_word' id='word_1_141' title='bbox 515 2762 605 2833; x_wconf 88' lang='lat' dir='ltr'><strong>alibi</strong></span> <span class='ocrx_word' id='word_1_142' title='bbox 620 2763 731 2834; x_wconf 89' lang='lat' dir='ltr'><strong>etiam</strong></span> <span class='ocrx_word' id='word_1_143' title='bbox 747 2763 810 2833; x_wconf 88' lang='lat' dir='ltr'><strong>illa</strong></span> <span class='ocrx_word' id='word_1_144' title='bbox 824 2765 1024 2836; x_wconf 90' lang='lat' dir='ltr'><strong>ventriculi</strong></span> <span class='ocrx_word' id='word_1_145' title='bbox 1032 2765 1120 2838; x_wconf 92' lang='lat' dir='ltr'><strong>sub·</strong></span> 
     </span>
     <span class='ocr_line' id='line_1_22' title="bbox 113 2879 1120 2977; baseline 0.003 -24"><span class='ocrx_word' id='word_1_146' title='bbox 113 2881 249 2953; x_wconf 88' lang='lat' dir='ltr'><strong>stantia</strong></span> <span class='ocrx_word' id='word_1_147' title='bbox 267 2895 348 2952; x_wconf 92' lang='lat' dir='ltr'><strong>toto</strong></span> <span class='ocrx_word' id='word_1_148' title='bbox 368 2904 413 2951; x_wconf 90' lang='lat' dir='ltr'><strong>eo</strong></span> <span class='ocrx_word' id='word_1_149' title='bbox 438 2882 557 2977; x_wconf 87' lang='lat' dir='ltr'><strong>spatio</strong></span> <span class='ocrx_word' id='word_1_150' title='bbox 576 2879 682 2976; x_wconf 92' lang='lat' dir='ltr'><strong>quod</strong></span> <span class='ocrx_word' id='word_1_151' title='bbox 714 2879 830 2951; x_wconf 85' lang='lat' dir='ltr'><strong>ulceri</strong></span> <span class='ocrx_word' id='word_1_152' title='bbox 856 2884 1017 2963; x_wconf 80' lang='lat' dir='ltr'><strong>exterius</strong></span> <span class='ocrx_word' id='word_1_153' title='bbox 1042 2909 1120 2956; x_wconf 87' lang='lat' dir='ltr'><strong>res·</strong></span> 
     </span>
     <span class='ocr_line' id='line_1_23' title="bbox 114 2997 1119 3097; baseline 0.006 -29"><span class='ocrx_word' id='word_1_154' title='bbox 114 2997 319 3097; x_wconf 84' lang='lat' dir='ltr'><strong>pondebat.</strong></span> <span class='ocrx_word' id='word_1_155' title='bbox 339 3002 434 3070; x_wconf 92' lang='lat' dir='ltr'><strong>Cum</strong></span> <span class='ocrx_word' id='word_1_156' title='bbox 446 3012 572 3069; x_wconf 86' lang='lat' dir='ltr'><strong>autem</strong></span> <span class='ocrx_word' id='word_1_157' title='bbox 590 3014 685 3068; x_wconf 90' lang='lat' dir='ltr'><strong>esset</strong></span> <span class='ocrx_word' id='word_1_158' title='bbox 704 2998 743 3067; x_wconf 92' lang='lat' dir='ltr'><strong>in</strong></span> <span class='ocrx_word' id='word_1_159' title='bbox 763 2997 888 3070; x_wconf 91' lang='lat' dir='ltr'><strong>medio</strong></span> <span class='ocrx_word' id='word_1_160' title='bbox 901 2997 978 3072; x_wconf 85' lang='lat' dir='ltr'><strong>fere</strong></span> <span class='ocrx_word' id='word_1_161' title='bbox 993 3001 1119 3074; x_wconf 90' lang='lat' dir='ltr'><strong>ulcere</strong></span> 
     </span>
     <span class='ocr_line' id='line_1_24' title="bbox 113 3112 1119 3216; baseline 0.006 -30"><span class='ocrx_word' id='word_1_162' title='bbox 113 3116 347 3188; x_wconf 85' lang='lat' dir='ltr'><strong>ventriculus</strong></span> <span class='ocrx_word' id='word_1_163' title='bbox 365 3117 517 3214; x_wconf 91' lang='lat' dir='ltr'><strong>penitus</strong></span> <span class='ocrx_word' id='word_1_164' title='bbox 530 3112 762 3213; x_wconf 80' lang='lat' dir='ltr'><strong>perforatus3</strong></span> <span class='ocrx_word' id='word_1_165' title='bbox 781 3142 826 3188; x_wconf 88' lang='lat' dir='ltr'><strong>ex</strong></span> <span class='ocrx_word' id='word_1_166' title='bbox 851 3143 911 3189; x_wconf 94' lang='lat' dir='ltr'><strong>me</strong></span> <span class='ocrx_word' id='word_1_167' title='bbox 929 3119 1119 3216; x_wconf 86' lang='lat' dir='ltr'><strong>quaerebat</strong></span> 
     </span>
     <span class='ocr_line' id='line_1_25' title="bbox 114 3232 1115 3331; baseline 0.006 -27"><span class='ocrx_word' id='word_1_168' title='bbox 114 3233 299 3304; x_wconf 88' lang='lat' dir='ltr'><strong>Mediavia</strong></span> <span class='ocrx_word' id='word_1_169' title='bbox 322 3259 415 3304; x_wconf 88' lang='lat' dir='ltr'><strong>num</strong></span> <span class='ocrx_word' id='word_1_170' title='bbox 442 3256 635 3304; x_wconf 86' lang='lat' dir='ltr'><strong>censerem</strong></span> <span class='ocrx_word' id='word_1_171' title='bbox 653 3234 819 3331; x_wconf 91' lang='lat' dir='ltr'><strong>potuisse</strong></span> <span class='ocrx_word' id='word_1_172' title='bbox 841 3232 937 3306; x_wconf 81' lang='lat' dir='ltr'><strong>forte</strong></span> <span class='ocrx_word' id='word_1_173' title='bbox 958 3237 997 3307; x_wconf 94' lang='lat' dir='ltr'><strong>id</strong></span> <span class='ocrx_word' id='word_1_174' title='bbox 1016 3233 1115 3310; x_wconf 85' lang='lat' dir='ltr'><strong>fora-</strong></span> 
     </span>
     <span class='ocr_line' id='line_1_26' title="bbox 113 3348 1120 3449; baseline 0.007 -27"><span class='ocrx_word' id='word_1_175' title='bbox 113 3377 203 3422; x_wconf 87' lang='lat' dir='ltr'><strong>men</strong></span> <span class='ocrx_word' id='word_1_176' title='bbox 221 3376 289 3449; x_wconf 90' lang='lat' dir='ltr'><strong>per</strong></span> <span class='ocrx_word' id='word_1_177' title='bbox 304 3351 489 3422; x_wconf 88' lang='lat' dir='ltr'><strong>incuriam</strong></span> <span class='ocrx_word' id='word_1_178' title='bbox 508 3349 629 3420; x_wconf 90' lang='lat' dir='ltr'><strong>cultro</strong></span> <span class='ocrx_word' id='word_1_179' title='bbox 648 3348 752 3439; x_wconf 85' lang='lat' dir='ltr'><strong>fieri,</strong></span> <span class='ocrx_word' id='word_1_180' title='bbox 777 3352 869 3422; x_wconf 91' lang='lat' dir='ltr'><strong>dum</strong></span> <span class='ocrx_word' id='word_1_181' title='bbox 886 3356 1120 3429; x_wconf 88' lang='lat' dir='ltr'><strong>ventriculus</strong></span> 
     </span>
     <span class='ocr_line' id='line_1_27' title="bbox 114 3466 1118 3569; baseline 0.002 -27"><span class='ocrx_word' id='word_1_182' title='bbox 114 3469 369 3554; x_wconf 82' lang='lat' dir='ltr'><strong>eximebatur3</strong></span> <span class='ocrx_word' id='word_1_183' title='bbox 385 3466 481 3537; x_wconf 90' lang='lat' dir='ltr'><strong>nihil</strong></span> <span class='ocrx_word' id='word_1_184' title='bbox 500 3469 601 3538; x_wconf 90' lang='lat' dir='ltr'><strong>enim</strong></span> <span class='ocrx_word' id='word_1_185' title='bbox 618 3469 677 3539; x_wconf 91' lang='lat' dir='ltr'><strong>vel</strong></span> <span class='ocrx_word' id='word_1_186' title='bbox 692 3469 861 3568; x_wconf 83' lang='lat' dir='ltr'><strong>diligenti</strong></span> <span class='ocrx_word' id='word_1_187' title='bbox 878 3474 1118 3569; x_wconf 89' lang='lat' dir='ltr'><strong>perquisitio-</strong></span> 
     </span>
     <span class='ocr_line' id='line_1_28' title="bbox 114 3581 1119 3687; baseline 0.003 -30"><span class='ocrx_word' id='word_1_188' title='bbox 114 3612 163 3660; x_wconf 90' lang='lat' dir='ltr'><strong>ne</strong></span> <span class='ocrx_word' id='word_1_189' title='bbox 185 3601 379 3686; x_wconf 89' lang='lat' dir='ltr'><strong>repertum</strong></span> <span class='ocrx_word' id='word_1_190' title='bbox 404 3607 482 3656; x_wconf 88' lang='lat' dir='ltr'><strong>esse</strong></span> <span class='ocrx_word' id='word_1_191' title='bbox 500 3581 711 3657; x_wconf 86' lang='lat' dir='ltr'><strong>affirmabat</strong></span> <span class='ocrx_word' id='word_1_192' title='bbox 737 3588 777 3656; x_wconf 87' lang='lat' dir='ltr'><strong>in</strong></span> <span class='ocrx_word' id='word_1_193' title='bbox 801 3603 949 3678; x_wconf 87' lang='lat' dir='ltr'><strong>ventre,</strong></span> <span class='ocrx_word' id='word_1_194' title='bbox 982 3606 1119 3687; x_wconf 87' lang='lat' dir='ltr'><strong>praeter</strong></span> 
     </span>
     <span class='ocr_line' id='line_1_29' title="bbox 113 3701 1120 3802; baseline 0.003 -25"><span class='ocrx_word' id='word_1_195' title='bbox 113 3703 259 3802; x_wconf 87' lang='lat' dir='ltr'><strong>aliquid</strong></span> <span class='ocrx_word' id='word_1_196' title='bbox 283 3703 357 3773; x_wconf 88' lang='lat' dir='ltr'><strong>seri</strong></span> <span class='ocrx_word' id='word_1_197' title='bbox 375 3701 416 3770; x_wconf 91' lang='lat' dir='ltr'><strong>in</strong></span> <span class='ocrx_word' id='word_1_198' title='bbox 433 3703 506 3772; x_wconf 90' lang='lat' dir='ltr'><strong>ima</strong></span> <span class='ocrx_word' id='word_1_199' title='bbox 523 3702 640 3801; x_wconf 81' lang='lat' dir='ltr'><strong>pelvi,</strong></span> <span class='ocrx_word' id='word_1_200' title='bbox 658 3704 763 3801; x_wconf 92' lang='lat' dir='ltr'><strong>quod</strong></span> <span class='ocrx_word' id='word_1_201' title='bbox 780 3701 934 3777; x_wconf 88' lang='lat' dir='ltr'><strong>fortasse</strong></span> <span class='ocrx_word' id='word_1_202' title='bbox 961 3732 1006 3779; x_wconf 81' lang='lat' dir='ltr'><strong>ex</strong></span> <span class='ocrx_word' id='word_1_203' title='bbox 1031 3733 1120 3780; x_wconf 87' lang='lat' dir='ltr'><strong>ven·</strong></span> 
     </span>
     <span class='ocr_line' id='line_1_30' title="bbox 112 3817 1120 3916; baseline 0.003 -22"><span class='ocrx_word' id='word_1_204' title='bbox 112 3821 250 3894; x_wconf 88' lang='lat' dir='ltr'><strong>tricnlo</strong></span> <span class='ocrx_word' id='word_1_205' title='bbox 272 3819 347 3888; x_wconf 91' lang='lat' dir='ltr'><strong>dici</strong></span> <span class='ocrx_word' id='word_1_206' title='bbox 369 3837 495 3916; x_wconf 90' lang='lat' dir='ltr'><strong>posset</strong></span> <span class='ocrx_word' id='word_1_207' title='bbox 511 3817 693 3910; x_wconf 82' lang='lat' dir='ltr'><strong>effusum,</strong></span> <span class='ocrx_word' id='word_1_208' title='bbox 724 3846 808 3892; x_wconf 90' lang='lat' dir='ltr'><strong>cum</strong></span> <span class='ocrx_word' id='word_1_209' title='bbox 835 3838 960 3895; x_wconf 87' lang='lat' dir='ltr'><strong>tamen</strong></span> <span class='ocrx_word' id='word_1_210' title='bbox 983 3827 1022 3895; x_wconf 89' lang='lat' dir='ltr'><strong>in</strong></span> <span class='ocrx_word' id='word_1_211' title='bbox 1042 3852 1120 3897; x_wconf 91' lang='lat' dir='ltr'><strong>mu-</strong></span> 
     </span>
     <span class='ocr_line' id='line_1_31' title="bbox 112 3938 1119 4034; baseline 0.005 -24"><span class='ocrx_word' id='word_1_212' title='bbox 112 3940 204 4010; x_wconf 85' lang='lat' dir='ltr'><strong>liere</strong></span> <span class='ocrx_word' id='word_1_213' title='bbox 216 3952 403 4034; x_wconf 86' lang='lat' dir='ltr'><strong>perpetuo</strong></span> <span class='ocrx_word' id='word_1_214' title='bbox 418 3938 671 4023; x_wconf 81' lang='lat' dir='ltr'><strong>decumbente</strong></span> <span class='ocrx_word' id='word_1_215' title='bbox 688 3940 849 4012; x_wconf 89' lang='lat' dir='ltr'><strong>multum</strong></span> <span class='ocrx_word' id='word_1_216' title='bbox 865 3942 1057 4015; x_wconf 88' lang='lat' dir='ltr'><strong>videretur</strong></span> <span class='ocrx_word' id='word_1_217' title='bbox 1071 3943 1119 4015; x_wconf 84' lang='lat' dir='ltr'><strong>ef·</strong></span> 
     </span>
    </p>
   </div>
   <div class='ocr_carea' id='block_1_3' title="bbox 0 0 1294 4514">
    <p class='ocr_par' dir='ltr' id='par_1_3' title="bbox 0 0 1294 4514">
     <span class='ocr_line' id='line_1_32' title="bbox 0 0 1294 4514; baseline 0 1"><span class='ocrx_word' id='word_1_218' title='bbox 0 0 1294 4514; x_wconf 95' lang='lat' dir='ltr'><strong> </strong></span> 
     </span>
    </p>
   </div>
  </div>
 </body>
</html>
