2580 4514
193 395 262 442 nra.
285 393 340 441 111.
372 394 416 439 nr
442 391 770 455 nonsummum,
796 391 907 438 nrrsr.
928 394 1048 439 xxxvl.
1077 371 1149 470 359

134 531 272 587 ‚serum
293 502 478 576 effluebat.
507 508 611 574 Intra
624 479 879 574 [substantiam
900 519 1026 576 autem
1054 504 1152 602 ejus-

141 622 233 695 dem
250 623 406 695 visceris
423 644 505 692 eam
522 635 667 719 partem
682 644 810 692 versus
824 645 899 719 qua
907 620 1152 722 diaphragma

139 739 363 839 spectabat,
384 762 517 810 cavum
536 737 728 810 abscessus
747 740 943 811 inventum
961 755 1040 830 est,
1064 742 1151 839 plus

141 860 257 930 tertia
273 858 454 954 jecinoris
481 871 585 954 parte
616 880 815 954 occupans.
847 861 1052 955 Eruperat,
1074 858 1154 930 dia*

134 975 371 1074 phragmate
387 971 598 1074 perforato,
616 974 770 1045 materia
788 972 981 1046 abscessus
997 975 1037 1045 in
1061 975 1151 1048 dex-

144 1109 270 1166 teram
299 1092 463 1164 thoracis
490 1115 660 1178 caveam,
684 1115 767 1189 quae
794 1086 874 1162 tota
891 1093 1039 1164 sanioso
1059 1117 1152 1192 pure

138 1211 258 1308 plena
276 1225 365 1283 erat.
385 1209 518 1280 Pulmo
540 1223 664 1301 tamen
682 1232 795 1281 sanus
811 1207 891 1280 fuit.

193 1326 228 1400 5.
256 1330 367 1402 Nunc
392 1325 546 1425 quando
571 1324 764 1398 abscessus
793 1325 940 1424 hepatis
969 1326 1015 1406 in¹
1037 1352 1151 1425 quarn

139 1460 294 1544 partem
322 1445 506 1543 eruperit,
530 1444 764 1532 intellexisti5
788 1468 867 1514 non
892 1442 1026 1515 dubito
1058 1446 1152 1543 quin

138 1589 295 1637 mecum
323 1578 455 1661 optes,
487 1563 655 1661 potuisse
685 1586 705 1631 a
736 1561 905 1634 Valsalva
935 1561 1152 1660 diligentius

138 1679 329 1779 perscribi
364 1681 469 1777 signa
507 1680 661 1763 omnia,
692 1691 882 1775 postrema
910 1679 1152 1778 praesertim,

138 1797 332 1896 ejusmodi
352 1821 482 1886 casus,
503 1799 569 1894 qui
587 1793 743 1869 sortasse
766 1812 852 1869 aute
872 1798 996 1895 ipsum
1023 1822 1152 1869 occur-

138 1930 246 1989 rerat
261 1915 415 1988 nemini.
449 1915 665 2012 Stalpartius
684 1913 737 2011 (1)
757 1916 858 1986 enim
879 1939 966 1985 cum
985 1915 1033 1986 de
1055 1941 1151 2015 quo-

138 2033 232 2106 dam
248 2032 450 2121 scriberet,
471 2032 532 2104 cui
551 2057 622 2129 pus
648 2058 692 2103 ex
715 2033 854 2128 jecoris
878 2033 1054 2106 abscessu
1071 2060 1150 2107 non
1232 2061 1234 2066 ·

112 2225 120 2247 ¹
138 2150 307 2238 affatim,
323 2136 448 2249 neque
467 2152 507 2221 in
526 2149 689 2222 thoracis
714 2176 863 2223 caveam
883 2152 948 2224 sed
975 2152 1150 2239 modice,

138 2285 179 2344 et
197 2272 238 2341 in
255 2270 477 2368 pulmonem
498 2292 566 2366 per
583 2265 745 2340 fistulam
764 2268 1007 2369 diaphragma
1024 2269 1171 2369 perso-1

139 2402 315 2476 rantem,
340 2387 490 2484 utrique
516 2387 649 2458 visceri
682 2403 917 2477 connatum,
945 2389 1149 2477 transibat3

139 2505 294 2579 nullum
311 2520 442 2578 contra
462 2528 504 2576 ae
521 2528 592 2602 pro
613 2528 678 2576 sua
698 2500 896 2602 multiplici
916 2506 1078 2577 lectione
1093 2532 1151 2579 so·
1242 2520 1243 2523 ’

137 2624 230 2696 litus
254 2637 360 2709 erat,
392 2623 607 2720 exemplum
637 2621 782 2695 addidit
811 2647 937 2694 rerum
965 2624 1152 2720 ejusmodi

139 2766 238 2840 quas
254 2740 348 2825 alius
362 2764 431 2838 per
442 2756 643 2812 anatomen
661 2742 924 2838 conspexisset.
942 2745 1030 2812 Post
1041 2740 1149 2811 illum

138 2841 288 2945 autem,
307 2859 338 2929 si
359 2857 513 2955 quidem
524 2856 615 2930 fidei
632 2882 709 2928 non
723 2859 873 2929 incertae
889 2856 1150 2932 observatores
1238 2913 1240 2917 ι

129 2977 371 3076 quaerimus,
397 2990 439 3049 ut
468 3000 555 3049 sane
580 2973 782 3064 debemus,
804 2975 995 3047 neminem
1018 2976 1149 3075 legisse

140 3092 776 3192 nuncmemini‚quiidem‚uedum
786 3093 1150 3197 quodValsalva‚de·

138 3213 403 3321 prehenderit.
418 3215 493 3302 Qui
512 3226 761 3311 symptomata
775 3212 930 3309 quidem
949 3238 1031 3309 quae
1049 3214 1151 3285 colli-

140 3359 230 3434 gere
251 3332 391 3432 potuit,
410 3332 547 3428 scripta
562 3331 725 3428 reliquit.
758 3329 829 3402 Sed
847 3332 945 3403 inter
964 3356 1007 3402 ea
1020 3330 1151 3419 vides,

141 3476 220 3550 quo
243 3457 371 3521 t'umor
390 3448 548 3534 ventris‚'
566 3463 601 3518 et
619 3447 759 3544 pedum
785 3447 931 3519 oedema
959 3451 1034 3520 sint
1057 3446 1152 3520 refe·

140 3568 272 3642 renda.
283 3563 455 3637 Difficilis
470 3580 594 3636 autem
606 3567 801 3663 respiratio
812 3565 1007 3639 sicaffecto
1016 3564 1151 3663 hepate

178 3947 224 4026 (ι)
246 3945 322 4003 Obs.
342 3961 400 4000 rar.
419 3942 473 4012 46,
491 3952 566 3999 cent.
585 3963 610 3998 1.
