2580 4514
144 339 190 423 55
307 379 353 424 nn
380 377 524 426 sumnus
548 383 592 427 ur
618 383 740 432 caus1s
766 381 989 436 uoaaoauat·

143 489 318 562 cerevisia
343 489 475 591 frigida
494 496 735 595 acidulaque,
753 503 824 570 cita
843 528 945 576 mors
965 498 1141 594 abstulit;

141 604 180 677 in
205 606 268 696 iis',
296 609 472 707 inquam,
494 613 589 684 mala
616 613 809 713 dispositio
828 621 943 717 magis
967 619 1138 717 patebat,

142 745 225 793 cum
243 725 637 802 alterimenstruorum
655 734 851 807 trimestris
861 752 955 807 esset
965 762 1139 835 suppres-

139 840 215 928 sio,
231 841 338 915 alteri
349 861 481 941 praeter
494 853 814 947 septuagenariam
824 868 985 941 aetatem,
999 854 1140 927 diutur-

40 1057 43 1063 .
139 992 188 1040 na
204 966 415 1042 uentriculi
445 967 616 1039 debilitas
648 969 860 1068 viriumque
892 971 1137 1046 imbecillitas

124 1088 210 1160 'Sed
227 1091 405 1161 nimirum
423 1089 592 1187 graviora
615 1113 767 1186 quoque
789 1090 830 1157 in
854 1089 1005 1162 alterius
1028 1091 1140 1161 cada·

139 1231 226 1277 vere
247 1219 333 1278 ante
355 1208 580 1295 sectionem,
602 1206 696 1276 etin
711 1207 907 1303 utriusque
927 1221 991 1277 aut
1011 1208 1141 1280 saltem

31 1418 34 1424 ἡ
140 1324 178 1395 in
200 1324 351 1397 alterins
366 1324 577 1397 ventriculo
596 1348 665 1420 per
681 1323 885 1410 sectionem
896 1323 1141 1421 Christopho·

139 1469 204 1516 rus
224 1444 409 1540 Seligerus
430 1442 504 1540 (ι),
525 1458 560 1512 et
576 1438 737 1512 Michael
751 1444 930 1511 Ernestus
946 1440 1139 1513 Ettmiille·

140 1584 207 1632 rus
219 1561 276 1658 (a)
294 1560 533 1631 adnotarunt.

193 1703 244 1747 ιο.
271 1679 518 1777 Bononiensis
540 1677 740 1764 Patricius,
760 1703 879 1748 unum
900 1702 1011 1775 supra
1036 1701 1137 1749 sexa·

139 1796 321 1893 gesimum
342 1819 484 1866 annum
502 1818 631 1892 agens,
655 1818 742 1864 eum
766 1795 904 1866 multos
926 1796 1002 1890 jam
1020 1819 1138 1865 annos

140 1913 256 1983 modo
289 1894 549 2000 hemicrania,
575 1910 690 1982 modo
721 1913 917 1983 arthritide
945 1912 1138 1984 interdum

138 2055 249 2128 vaga,
269 2031 369 2120 alias,
379 2029 451 2101 fixa
462 2029 577 2100 modo
596 2055 731 2102 renum
751 2031 902 2102 calculis
920 2047 1014 2103 esset
1031 2056 1138 2102 vexa-

139 2165 220 2240 tus,
236 2150 438 2221 novissime
452 2148 646 2220 arthritide
660 2151 863 2247 corripitur
871 2151 910 2219 in
922 2174 1036 2220 manu
1051 2148 1140 2221 dex-

138 2281 218 2338 tera
237 2267 317 2337 sine
334 2265 598 2354 ullo'tumore,
616 2265 748 2337 dolore
761 2281 885 2338 autern
903 2268 1000 2352 miti,
1018 2282 1055 2338 et
1073 2269 1139 2365 qui

139 2407 228 2453 mox
243 2380 427 2455 sentiendi
445 2383 483 2452 vi
500 2381 696 2454 hebetiore
715 2381 829 2470 facta,
842 2383 902 2451 vix
916 2384 1133 2481 percipitur.

140 2503 235 2571 Sana
255 2501 413 2570 omnino
434 2499 476 2572 fit
493 2525 648 2590 manus;
668 2501 732 2572 sed
756 2502 897 2572 interea
916 2526 984 2572 ren
1009 2502 1139 2574 dexter

139 2615 251 2688 dolet.
269 2620 337 2689 Hic
348 2643 502 2715 quoque
514 2617 749 2706 dolor,inani
767 2620 909 2716 saepius,
919 2636 1139 2691 recurrente

138 2737 344 2807 vomitione
362 2735 530 2808 sedatur:
544 2756 593 2825 at,
611 2752 776 2809 cessante
794 2739 954 2826 vomitu,
974 2736 1140 2808 arthritis

139 2851 334 2924 dexterum
358 2854 499 2951 pariter
522 2851 738 2926 inferiorem
762 2870 885 2926 artum
908 2853 1139 2953 prehendit,

139 2995 354 3067 aegrumque
381 2971 428 3041 ad
443 2995 590 3060 suram,
610 2986 646 3042 et
664 2971 710 3042 ad
729 2975 848 3044 cruris
870 2973 1033 3069 tarsique
1051 2974 1139 3043 arti-

140 3086 266 3156 culum
294 3087 401 3159 valde
421 3100 584 3184 torquet.
611 3091 697 3158 Uno
719 3103 783 3159 aut
809 3088 926 3160 altero
942 3090 1139 3185 interjecto

95 3196 96 3200 ¹
139 3203 216 3290 die,
230 3206 261 3274 is
274 3218 376 3276 totus
389 3220 576 3276 extremus
591 3230 657 3302 pes
670 3205 874 3294 sentiendi,
887 3206 1139 3303 movendique

138 3318 312 3391 facultate
328 3322 485 3392 omnino
498 3323 681 3420 privatur.
700 3325 881 3396 Postridie
894 3340 1020 3394 tamen
1036 3349 1139 3395 reso-

139 3438 219 3508 luto
235 3437 322 3535 pedi
334 3438 469 3536 aliquis
479 3439 575 3510 redit
587 3439 729 3513 doloris
742 3466 891 3530 sensus,
904 3467 1002 3538 agro
1013 3456 1138 3512 autem

137 3553 261 3627 honus
284 3572 320 3627 et
345 3559 517 3645 animus,
543 3571 580 3627 et
609 3558 764 3655 pulsuS,
790 3561 856 3655 qui
887 3560 1140 3631 intermittens

177 3839 221 3915 (r)
241 3843 316 3916 Eph.
331 3842 370 3897 N.
384 3842 417 3896 C.
432 3841 495 3896 dec.
510 3859 542 3911 2,
557 3844 594 3897 A.
617 3862 646 3911 1,
661 3843 724 3900 obs.
742 3844 809 3917 139.

176 3939 220 4016 (a)
240 3941 379 3998 Earumd.
394 3951 469 3996 cent.
484 3959 517 4014 9,
531 3941 595 3998 obs.
612 3943 659 3999 66.
