2580 4514
209 389 280 436 rm.
303 389 361 435 ιιι.
390 389 436 434 nn
462 387 597 435 tronus
622 389 791 453 vernum,
817 391 929 447 estse.
950 392 1046 438 xxix.
1094 369 1140 442 55

137 503 317 599 suspicati
331 516 465 573 essent.
486 500 600 573 Vides
620 503 719 572 enim
743 503 782 572 in
801 507 870 574 VII
891 503 961 574 bac
981 506 1062 601 ipsa
1078 505 1141 577 Se-

136 617 330 718 pulcbreti
346 620 511 690 sectione
530 617 584 716 (ι)
598 619 766 715 puellum
782 645 936 716 quoque
947 621 996 691 ab
1014 624 1144 693 immo·

139 736 271 809 demto
289 758 448 807 uvarum
462 759 528 806 esu
545 740 655 806 trium
667 737 847 806 horarum
865 745 989 835 spatio
1003 746 1146 812 eucine-⁴

139 869 227 924 tum.
251 852 326 924 Sed
344 868 471 924 tamen
499 853 568 925 alia
598 855 710 925 simul
737 855 910 951 apparuit
939 879 1049 926 causa
1073 881 1156 928 cur»

138 970 289 1068 puellus
306 971 551 1068 sicinteriret.
574 970 806 1042 Ventriculus
816 977 912 1040 euim
923 975 1144 1069 perforatus

140 1093 334 1185 copiosum
342 1087 504 1157 icborem
517 1088 677 1158 viridem
689 1090 913 1174 continebat,
923 1097 990 1184 qui
990 1090 1144 1187 procul-

140 1204 279 1292 dubio,
306 1205 432 1301 inquit
459 1203 729 1277 observationis
760 1205 921 1302 scriptor
953 1205 1143 1297 Rhodius,
1167 1254 1170 1259 -
1251 1243 1254 1248 ·

141 1337 224 1392 erat
246 1320 332 1393 bilis
351 1327 580 1418 aeruginosa,
600 1322 705 1418 cujus
725 1323 859 1419 ingens
885 1338 964 1394 erat
982 1325 1142 1395 acrimo-

141 1442 213 1510 nia.
234 1438 336 1529 Quid
358 1463 449 1538 ergo
467 1439 547 1511 est?
561 1443 606 1508 In
627 1439 697 1510 bac
714 1441 825 1511 etiam
850 1440 1008 1511 muliere
1026 1467 1142 1538 pecu-

141 1555 230 1627 liare
253 1555 356 1626 aliud
381 1555 541 1653 aliquid,
568 1581 786 1654 quanquam
815 1556 884 1629 sub
916 1558 1047 1631 oculos
1063 1584 1142 1631 uon

145 1672 294 1760 cecidit,
313 1671 496 1746 subfuisse
520 1677 677 1745 omnino
697 1670 940 1778 crediderim,
957 1691 999 1748 ut
1017 1677 1141 1776 dispo·

143 1790 207 1860 sita
225 1789 304 1885 jam
327 1806 442 1877 esset,
458 1791 488 1861 si
507 1793 624 1862 modo
646 1814 757 1867 causa
782 1791 976 1864 accederet
992 1793 1145 1890 aliqua,

141 1908 242 1979 velut
254 1908 431 1980 insolitus
444 1909 549 1981 cibus
562 1910 629 1981 iste
643 1924 679 1981 et
694 1908 930 1998 ssatulentus,
948 1900 1139 2007 deposita,

141 2026 315 2123 inquam,
331 2027 382 2096 ita
401 2043 518 2116 esset,
537 2042 580 2097 ut
597 2026 700 2123 quod
727 2026 816 2099 inde
836 2043 893 2100 tot
908 2028 971 2097 aiii
985 2029 1140 2100 minime

142 2143 284 2233 soient,
299 2145 379 2241 ipsa
399 2159 611 2241 pateretur,
626 2144 808 2216 siveillud
824 2147 864 2216 in
884 2146 928 2216 iis
948 2161 1043 2218 esset
1058 2170 1142 2217 suc·
1234 2204 1236 2207 .

141 2263 191 2333 cis
208 2285 307 2358 quos
333 2261 373 2330 in
399 2260 610 2332 ventriculo
632 2262 663 2333 is
678 2261 790 2335 cibus
813 2264 973 2350 invenit,
1001 2263 1076 2334 sive
1100 2263 1140 2333 ιιι

140 2380 265 2450 nervis
283 2403 439 2476 quoque
462 2379 702 2476 exquisitiore
722 2404 835 2452 sensu
852 2379 1014 2477 praeditis
1032 2379 1079 2450 ad
1091 2382 1140 2450 ir-

141 2498 355 2568 ritationem
378 2494 673 2593 suscipiendam,
691 2511 727 2568 et
745 2496 840 2584 alio,
865 2496 904 2567 id
925 2513 979 2569 est
1004 2497 1050 2568 ad
1075 2522 1142 2569 cor

142 2615 397 2712 potissimum,
413 2615 474 2684 cui
492 2611 604 2685 iidem
624 2638 667 2685 ac
681 2614 890 2685 ventriculo
904 2617 1010 2685 nervi
1028 2617 1142 2686 inser-

141 2732 265 2817 viunt,
291 2727 600 2801 transferendam.
627 2731 686 2800 Sic
710 2731 840 2827 igitur,
867 2731 1003 2807 autad
1037 2729 1141 2801 hunc

141 2845 217 2920 fere
237 2847 395 2919 modum
407 2849 592 2946 intelliges
601 2847 707 2946 quod
716 2847 886 2919 Valsalva
899 2848 1139 2943 conjiciebat:

141 2991 361 3065 quanquam
376 2990 495 3064 pravae
514 2966 771 3065 dispositionis
782 2966 821 3034 in
834 2964 904 3035 bac
919 2966 1066 3037 mulieri
1080 2968 1142 3037 vix

140 3084 321 3156 indicium
342 3084 496 3181 aliquod
517 3084 701 3156 babemus
723 3109 768 3154 ex
788 3083 915 3155 colore
932 3065 1141 3154 cutis'sub-

140 3201 246 3274 flavo.
273 3207 317 3272 In
345 3201 494 3274 duabus
513 3217 613 3273 certe
642 3202 723 3272 aliis
747 3198 894 3273 feminis
904 3255 916 3290 ,1
935 3225 1029 3299 quas
1056 3215 1143 3298 post

142 3319 342 3391 cucurbitas
353 3321 622 3393 comestionem
640 3320 714 3391 sive
728 3324 1096 3418 coeputoe,ptperatae
1106 3331 1145 3389 et

143 3444 179 3508 in
192 3439 343 3509 clibano
353 3453 507 3525 assutae,
525 3461 616 3508 mox
632 3452 743 3535 epota
757 3434 911 3534 frigida,
929 3437 1003 3508 sive
1017 3437 1144 3523 mlac-

141 3571 173 3628 te
184 3573 302 3629 coetoe
320 3560 440 3653 utque
446 3561 583 3654 pipere
601 3534 691 3627 liene
710 3553 890 3641 conditae,
911 3579 1000 3626 mos
1021 3552 1139 3624 bibita

171 3929 214 4008 (1)
236 3930 311 3986 oss.
329 3947 358 3998 7.
