2580 4514
193 347 267 435 418
357 379 404 431 rr
430 376 577 430 sentens
601 377 647 431 nr
671 375 798 429 otnero
822 376 1044 435 ιοιιιοιιιιι

192 513 270 591 qno
285 489 400 570 altera
417 489 643 577 Bartholini‚
667 487 729 565 hio
748 513 905 588 quoque
921 492 963 567 in
981 490 1183 591 Sepulchri·

192 621 233 682 to
251 608 309 707 (t)
328 609 532 707 producta,
561 608 647 682 satis
672 606 900 697 ostendunt3
928 633 981 683 ne
1010 613 1182 690 motmir

191 725 329 825 figulo,
348 750 482 823 magna
499 750 542 801 ex
563 739 668 823 parte
684 725 858 813 interire,
875 726 1079 826 aliasque(
1102 727 1182 824 uiti

186 841 397 941 descripto,
411 840 473 919 hio
493 865 717 928 memorem,
734 855 799 919 aut
814 842 998 919 valsalvao
1018 844 1180 943 inpulit

189 960 253 1042 ille
276 961 427 1037 icterica
452 958 508 1057 (3)
542 957 715 1047 alteram,
733 957 807 1034 hoc
839 961 960 1058 magis
989 963 1181 1041 attention

153 1178 157 1185 ὁ
186 1077 365 1176 dignam,
391 1075 495 1175 quod
516 1090 650 1180 preter
672 1099 863 1152 mucorem
888 1077 931 1148 in
962 1078 1084 1156 corde
1104 1103 1180 1156 oon*

186 1198 422 1283 cretionem,
447 1217 534 1270 cunt
554 1193 704 1292 sanguis
726 1192 896 1292 reliquus
915 1210 1020 1275 esset
1037 1193 1180 1283 fluidus,

185 1316 264 1390 aeri
280 1329 407 1392 tannen
427 1313 617 1409 expositus
632 1309 910 1388 concreseehat.
934 1312 1014 1392 Sed
1033 1312 1081 1392 nd
1093 1313 1179 1391 itin

185 1430 434 1531 sanguinisad
448 1416 772 1505 concrescendurn
789 1427 1177 1529 dispositionum

183 1564 266 1625 tum
285 1550 325 1623 in
340 1551 449 1648 ipso,
467 1563 548 1621 tum
567 1547 607 1621 in
632 1544 789 1626 cerebro
812 1546 999 1633 accedant
1024 1559 1176 1648 oportet,

183 1681 227 1743 ut
246 1691 357 1765 grove
375 1665 549 1740 delirium
564 1662 639 1739 fiat.
652 1667 730 1738 Ner
745 1678 871 1768 tamen
887 1661 1030 1755 refert,
1049 1666 1080 1747 ti
1095 1688 1176 1743 oete·

54 1822 60 1831 ·
182 1783 296 1867 brum
310 1807 359 1856 ne
372 1797 453 1858 tum
468 1782 644 1880 quidem,
659 1807 784 1879 neque
797 1806 883 1858 oum
895 1783 1088 1862 immunes
1098 1805 1172 1859 eor·

179 1902 372 1978 vulsiones
388 1898 562 1991 fuerunt,
586 1924 815 1998 magnopere
841 1899 972 1976 laesum
994 1911 1168 2000 appareti.

178 2025 320 2119 Fugere
343 2020 443 2093 enim
466 2016 599 2092 oculos
617 2031 739 2114 potest
764 2016 803 2091 id
827 2015 933 2114 quod
951 2018 999 2094 in
1017 2019 1086 2097 illo
1105 2029 1169 2095 ent

178 2136 301 2210 delirii
316 2160 442 2210 causa:
464 2137 615 2209 irritatis
634 2149 761 2212 autern
778 2135 837 2209 vel
856 2149 962 2212 extra
983 2136 1169 2214 cerebrum

178 2255 327 2340 nervis,
346 2269 409 2326 aut
420 2308 430 2343 ,
442 2252 546 2352 quod
562 2255 600 2324 in
612 2245 805 2327 sacerdote
820 2251 887 2327 illo
895 2277 944 2329 er
956 2252 1169 2333 dissertione

179 2369 459 2469 conjiciendum
486 2386 560 2459 est,
589 2370 724 2470 spinuli
750 2369 947 2463 medulla,
981 2369 1171 2451 hoerihiitt

177 2505 337 2589 possunt
356 2488 620 2562 convulsiones
637 2488 804 2563 existere.

226 2633 260 2706 7·
281 2609 366 2685 Non
387 2610 583 2679 inventum
611 2619 815 2681 esttamen
841 2606 880 2681 i'n
904 2628 955 2684 eo
979 2605 1169 2687 embron

176 2726 335 2798 omnino
350 2723 524 2812 illaesum,
545 2724 621 2798 sive
633 2722 673 2796 id
686 2722 790 2821 quod
806 2723 845 2799 in
864 2722 1170 2823 noningentis

174 2845 280 2915 tione
295 2841 595 2915 animadversum
613 2855 687 2930 est,
704 2842 780 2913 sive
796 2840 967 2918 colorem
983 2843 1169 2942 ipsomet·

173 2959 277 3033 rebri
296 2959 465 3032 attendes
480 3013 491 3049 ,
509 2959 576 3056 qui
596 2983 674 3031 non
694 2983 850 3058 prorsus
868 2974 950 3037 erat
969 2959 1168 3039 seeundum

172 3093 368 3164 naturam,
387 3092 424 3151 et
441 3079 603 3149 tinctura
619 3075 705 3152 bilis
716 3068 831 3151 tacite
849 3075 1040 3157 inductus
1057 3103 1080 3155 ιι
1098 3073 1168 3153 Vti-

172 3194 272 3268 salua
282 3194 516 3268 credebatur.
528 3192 683 3268 Cerohri
692 3196 794 3267 onim
804 3192 1048 3286 substantio,
1059 3214 1168 3296 quw*

172 3313 228 3382 vis
247 3314 328 3409 ipsa
351 3337 505 3410 quoque
525 3311 728 3408 aliquando
754 3314 795 3385 in
822 3311 897 3386 hoc
917 3314 1065 3393 morbo
1089 3312 1165 3391 don

171 3428 326 3501 inventa
352 3431 428 3521 sit3
453 3456 532 3502 non
554 3429 693 3502 multos
711 3445 837 3502 tamen
856 3431 908 3502 sic
929 3432 1097 3506 inventae
1111 3427 1163 3500 ob·

206 3727 251 3806 (ι)
272 3727 345 3785 Obs.
361 3731 397 3792 ιι

206 3827 252 3906 (n)
272 3827 366 3902 Epist.
382 3844 410 3897 7,
425 3844 456 3881 ιι.
471 3843 518 3882 ιι.

207 3929 251 4008 (3)
272 3927 366 4005 Epist.
381 3944 430 3998 ιο,
441 3943 471 3982 ιι.
486 3943 514 3997 7.

142 4066 169 4113 a!
