2580 4514
143 305 213 381 536
305 328 352 376 na
377 326 523 376 sarnus
549 326 593 375 ar
617 326 740 376 orusrs
766 325 982 379 uoaaouuar

142 443 315 542 superior
343 464 428 539 pars
456 440 593 513 ductus
615 439 782 536 ejusdem
811 441 1130 531 communicabat,

141 584 229 660 pars
254 574 377 630 autem
395 557 539 655 reliqua
559 559 608 628 ita
624 573 703 629 erat
721 555 972 657 amplificata,
999 575 1042 633 ut
1056 559 1135 659 digi

143 694 225 749 tum
255 676 487 761 admitteret,
526 677 654 772 sicque
683 675 905 749 ostenderet
933 677 1136 776 quomodo,

142 796 290 866 vivente
306 793 478 882 homine,
495 793 675 865 vesiculas
687 793 817 892 plures
826 818 946 891 quam
958 793 1136 881 ducentas,

144 910 321 1010 qualibus
344 909 452 982 etiam
478 925 558 983 tum
584 910 646 983 ille
675 909 840 983 scatebat
864 909 1084 999 abscessus,
1100 910 1136 983 ad

141 1029 360 1101 intestinum
378 1029 661 1099 transmitteret.
680 1030 733 1098 De
752 1027 880 1100 multis
898 1030 971 1126 qui
984 1028 1075 1100 olim
1083 1052 1137 1127 per

142 1172 228 1219 eum
256 1159 417 1215 meatum
447 1145 556 1241 ejecti
586 1142 756 1234 fuerant,
788 1146 990 1242 sanguinis
1012 1145 1137 1243 grumis

141 1261 349 1335 nonnullos
382 1260 428 1332 ad
458 1263 646 1358 angustias
671 1261 899 1349 substitisse,
927 1285 1069 1361 easque
1086 1285 1137 1332 ur·

142 1394 252 1478 gente
272 1378 435 1475 desuper
462 1379 624 1450 coercita
647 1375 745 1466 bile,
770 1380 936 1478 ipsoque
970 1381 1136 1477 sanguine

142 1496 312 1568 dilatasse
331 1494 533 1567 verisimile
553 1511 617 1566 est.
640 1494 738 1568 Illud
749 1510 893 1568 certum
915 1510 956 1569 et
973 1495 1136 1568 morbum

141 1615 308 1710 regium,
332 1628 369 1684 et
397 1614 644 1701 vomitiones,
669 1627 706 1684 et
734 1610 886 1684 dolores
913 1613 1135 1712 praesertim,

140 1731 398 1816 antecessisse,
415 1731 479 1827 qui
493 1728 823 1828 hypochondrium
835 1729 1044 1802 dexterum
1055 1729 1136 1801 adeo

140 1844 874 1932 lacessebant,utsaevissimasexcitarent
885 1868 1136 1945 saepenumero

64 1942 69 1965 ⁸
140 1986 345 2035 nervorum
366 1960 610 2036 distentiones
637 1967 744 2055 Quae,
760 1977 873 2060 atque
892 1963 990 2052 alia,
1008 1961 1135 2034 ibidem

140 2080 358 2177 proposita,
379 2095 419 2151 ut
436 2104 571 2178 magna
590 2105 634 2152 ex
652 2094 757 2179 parte
774 2081 813 2150 in
831 2094 987 2152 tantum
1006 2062 1136 2179 hepatis

139 2195 316 2267 morbum
333 2198 495 2292 rejicias;
510 2196 671 2294 aliquam
688 2210 814 2269 tamen
836 2212 991 2294 partem
1009 2200 1041 2271 si
1064 2196 1135 2295 quis

141 2311 277 2385 referat
288 2312 333 2383 ad
348 2311 573 2384 choledochi
584 2328 728 2385 meatus
742 2313 1032 2404 dilatationem,
1045 2313 1136 2385 facile

141 2455 348 2528 pernegare
371 2456 449 2500 non
470 2431 599 2530 possis.
615 2434 736 2522 Quam
752 2430 782 2503 si
799 2433 837 2501 in
857 2430 983 2503 ductu
1005 2457 1081 2503 uon
1097 2428 1137 2501 ab

140 2547 357 2646 angulosis,
377 2549 530 2646 ‘asperis
560 2550 705 2645 magnis
732 2546 922 2646 lapidibus
953 2548 1139 2648 lacessito,

140 2666 218 2734 imo
238 2689 256 2735 a
274 2663 546 2762 perfluentibus
574 2666 705 2764 saepius
722 2660 929 2762 sanguine,
949 2681 990 2738 et
1012 2666 1137 2738 icbori·

141 2781 214 2854 bus
230 2782 373 2869 laxato,
391 2783 470 2853 sine
492 2782 687 2854 doloribus
704 2779 836 2854 factam
861 2806 969 2871 esse,
986 2809 1065 2856 non
1080 2806 1138 2853 ne·

141 2924 221 2998 gas3
243 2898 351 2985 vide,
381 2924 458 2970 non
484 2900 563 2970 siue
582 2898 777 2971 doloribus
801 2914 894 2970 tunc
921 2896 1012 2972 fieri
1032 2900 1137 2972 dictu·

61 3103 66 3117 Ι
140 3041 205 3088 rus
223 3017 289 3105 sis;
309 3015 374 3087 ubi
389 3015 526 3088 infimae
539 3016 609 3088 illae
625 3016 801 3114 angustia
816 3040 897 3087 non
913 3033 1008 3091 ante
1023 3016 1136 3090 laxate

140 3150 282 3217 essent,
296 3136 403 3206 imoa
417 3133 645 3206 calculorum
658 3133 903 3205 irritamentis
915 3132 1137 3208 contracte?

188 3250 245 3338 48.
272 3250 357 3321 Noli
385 3267 602 3348 expectare,
621 3264 662 3325 ut
679 3249 745 3320 has
774 3251 888 3322 nimis
910 3250 993 3346 jam
1017 3252 1137 3351 longas

140 3367 303 3453 litteras,
324 3367 440 3438 multa
457 3367 504 3440 de
523 3369 713 3453 curatione
732 3366 846 3471 hujus
864 3366 998 3441 morbi
1008 3369 1137 3442 adden·

140 3483 209 3571 do,
232 3483 422 3581 longiores
442 3483 583 3556 faciam.
601 3488 655 3556 De
669 3509 743 3583 qua
762 3486 850 3555 satis
867 3487 943 3559 erit
958 3506 1137 3589 perpauca

136 3603 329 3700 attingere.
346 3602 518 3675 Diximus
534 3601 611 3700 (ι),
628 3601 667 3674 id
688 3602 775 3674 mali
792 3602 931 3703 saepius
955 3629 1036 3679 esse
1056 3602 1137 3677 reci·

174 3864 218 3941 (r)
238 3869 272 3922 L.
291 3873 343 3936 Aa,
362 3883 391 3919 n.
410 3870 458 3933 44.
