2580 4514
138 389 210 463 310
256 472 258 478 7
297 411 344 458 nu
370 409 516 457 seorsus
542 411 584 457 ar
609 407 733 457 causis
759 409 969 480 aroasouuu

74 522 76 527 ’
138 507 308 610 flatibus,
336 524 528 620 superiora
557 523 732 594 intestina
752 521 1057 595 distendentibus
1071 578 1080 612 ,
1094 528 1129 595 si·

122 642 217 716 mul
236 640 391 740 putrido
411 639 562 710 humori
575 641 672 709 viam
686 639 983 726 intercludente,
1000 643 1065 738 qui
1082 664 1132 712 eo·

137 761 286 833 demae
306 783 374 856 per
387 758 553 828 vomitus
572 757 809 852 ejiciebatur,
829 737 977 845 colore,
1000 758 1041 828 in
1061 783 1135 830 ven·

138 878 277 952 triculo
305 891 530 972 conspectus
557 891 623 948 est.
660 875 715 946 ad
744 873 812 946 bas
842 875 1134 948 observationem

139 995 344 1097 praesertim
363 993 478 1064 addes
501 992 546 1064 el.
571 994 716 1065 Weissii
738 991 904 1091 (1),qui
932 997 972 1064 in
996 1009 1135 1067 mortua

138 1128 225 1213 post
239 1127 383 1183 atroces
403 1111 544 1182 ventris
560 1111 740 1199 dolores,
765 1133 851 1181 cum
875 1112 1063 1209 pertinaci
1078 1113 1136 1183 alti

140 1230 425 1316 obstructione,
446 1243 484 1298 et
511 1228 661 1299 tandem
685 1252 771 1299 cum
797 1228 950 1299 volvulo
970 1231 1138 1326 conjunc·

140 1352 218 1437 los,
235 1350 379 1419 invenit
397 1346 512 1417 ileum
534 1360 743 1417 extremum
763 1347 802 1416 in
823 1347 934 1417 colon
953 1347 1139 1446 illapsum,

144 1484 231 1539 cu'm
260 1466 450 1561 hujusque
475 1463 703 1536 membranis
733 1480 952 1535 concretum
984 1481 1028 1538 ac
1060 1490 1139 1536 con·

110 1640 113 1647 a
142 1600 305 1656 tractum
326 1582 421 1653 adeo
439 1597 480 1651 ut
496 1584 693 1654 transitum
712 1582 931 1654 occluderet
954 1567 1143 1680 lt‘quamiiti

132 1701 260 1792 flendo
275 1716 312 1770 et
322 1706 596 1770 sernzstercoreo
611 1753 620 1788 ,
636 1724 713 1797 quo
730 1701 905 1771 intestina
921 1701 1052 1771 tenuia
1062 1707 1142 1804 nure

41 1861 45 1864 -
144 1819 307 1888 distenta
320 1832 356 1888 et
371 1815 599 1888 inflammata
618 1817 961 1914 conspiciebantur.
988 1821 1068 1890 Nec
1086 1818 1141 1890 de·

144 1937 260 2032 nique
278 1935 485 2005 omittenda
503 1950 574 2022 est,
590 1936 761 2031 quamvis
773 1935 812 2004 in
827 1958 918 2006 cane
932 1934 1080 2025 habita,
1092 1935 1144 2008 ob

145 2053 306 2125 servatio
320 2077 434 2149 quam
456 2053 500 2122 cl.
519 2051 844 2125 Wahrendorlfius
864 2054 919 2150 (a)
940 2056 1141 2152 proposuit.

71 2234 73 2239 .
146 2175 240 2242 Cum
256 2171 400 2267 aliquot
413 2171 489 2265 jam
508 2170 765 2242 hebdomadas
784 2171 880 2242 nihil
903 2164 1065 2244 omnino
1090 2173 1143 2244 de

142 2289 308 2383 jecisset,
342 2288 408 2359 sed
438 2304 628 2385 assumpta
670 2288 867 2386 quaelibet,
906 2289 1144 2370 vehementer

54 2393 57 2400 ’
104 2437 106 2440 ·
146 2405 308 2501 ejulans,
325 2406 716 2497 vomuisset3tandem
730 2407 1145 2494 mortuus,nulla1nin·

143 2521 369 2594 testinorum
398 2521 750 2611 inflammationem,
778 2525 1005 2622 nullumque
1027 2526 1068 2595 in
1096 2525 1145 2595 bis

144 2639 293 2711 obicem
321 2640 502 2730 ostendit,
532 2642 604 2712 nisi
627 2641 731 2738 quod
756 2648 854 2712 circa
879 2647 1043 2713 intestini
1067 2647 1147 2714 tecti

23 2847 25 2851 Ι
137 2762 369 2855 preceptum
401 2774 553 2830 mutuus
590 2765 769 2854 ingrersus
798 2759 852 2829 ad
884 2757 1145 2855 longitudinem

144 2875 305 2946 duarum
322 2882 514 2947 unciarum
534 2879 749 2976 apparebat
755 2932 765 2964 ,
796 2883 899 2949 omni
915 2894 1044 2948 meatu
1066 2879 1145 2949 hinc

141 2993 240 3063 adeo
263 3007 366 3064 arcte
391 2993 537 3081 clausu,
564 3012 607 3064 ut
628 2998 838 3095 aestatum·
852 2994 1003 3092 quidem
1026 3012 1145 3068 taum·

141 3118 304 3215 mitteret.
325 3115 379 3180 Ex
395 3110 453 3182 bis
475 3113 652 3184 omnibus
674 3111 1028 3203 observationibus,
1053 3134 1142 3212 quas

77 3255 78 3259 ¹
142 3252 231 3326 egn,
260 3228 356 3299 sicut
383 3228 504 3315 soleo,
531 3246 573 3301 ut
596 3230 756 3303 haberes
784 3255 878 3328 quas
899 3231 1143 3328 Sepulcbreto

141 3344 317 3433 adderes,
336 3350 649 3437 commemoravi,
664 3346 769 3419 facile
786 3347 985 3444 intelligis,
1002 3349 1089 3446 plus
1100 3347 1141 3419 ad

56 3515 57 3519 ,
140 3463 334 3533 volvulum
372 3464 629 3536 inducendum
665 3467 731 3536 viae
772 3465 1048 3554 occlusionem,
1084 3480 1140 3538 aut

5 3575 14 3583 ’
139 3603 313 3677 magnam
345 3596 651 3682 perstantemque
683 3587 999 3670 coarctationem,
1031 3606 1136 3681 quam

174 3858 218 3933 (1,
241 3861 405 3922 Commerc.
420 3867 509 3942 litter.
523 3870 559 3922 A.
574 3868 665 3941 1745,
681 3868 770 3927 hebd.
788 3878 839 3942 24,
858 3886 889 3924 n.
906 3887 917 3924 1
931 3870 970 3925 ed
984 3886 1011 3925 a.
1046 3892 1057 3912 x

176 3956 219 4035 (a)
240 3963 305 4018 Act.
324 3967 359 4023 N.
374 3969 407 4023 C.
425 3977 446 4021 t.
466 3967 658 4039 3‚0bs.132.
