2580 4514
150 386 219 479 194
283 447 286 451 .
313 406 360 451 ue
386 402 533 453 surmus
557 405 601 452 rr
625 404 751 454 causis
775 405 987 454 ιιοιιιιοιιιιιι

146 518 252 617 quod
271 544 316 590 ex
333 519 498 616 perlecto
515 516 604 588 alibi
616 516 674 614 (ι)
688 519 755 616 qui
769 518 866 591 male
881 517 935 589 ibi
950 519 1126 608 omittitur,
1172 548 1174 591 t

147 636 227 732 ejus
243 635 516 708 observationis
537 635 613 706 fine
633 660 850 732 cognosces.
864 641 1012 729 Quarto
1028 653 1127 711 auten
1172 665 1174 691 ι

142 753 219 851 jam
237 778 360 843 anno,
378 768 415 825 et
429 751 585 824 fortasse
597 751 724 825 adhuc
738 755 884 842 vivere,
899 754 1083 854 intelliges
1090 754 1127 825 al·
1173 783 1174 824 1

145 883 269 942 terum
297 895 412 968 quem
440 894 527 968 per.
544 871 786 956 incisionem,
816 869 978 943 articulo
1000 871 1129 970 polluis
1173 902 1174 907 ¹

143 988 377 1086 longiorem,
397 988 539 1060 sanavit
554 1011 666 1085 supra
684 987 858 1059 laudatus
879 991 1054 1086 Hoyerus
1068 988 1126 1086 l²l²

144 1121 187 1178 ut
199 1106 305 1177 illum
324 1121 540 1203 praeteream
555 1130 666 1202 quem
689 1106 829 1177 servari
841 1108 1012 1204 potuisse
1028 1121 1128 1180 osten·

143 1222 198 1295 dit
226 1224 269 1296 cl.
305 1223 481 1296 Huberus
508 1222 585 1320 (3),
620 1223 652 1294 si
688 1223 1156 1322 carneopt'nguedr'oosm·

141 1365 324 1428 massam,
358 1364 472 1438 quam
505 1341 545 1413 in
577 1355 729 1412 mortuo
757 1342 978 1438 conspexit,
1005 1341 1129 1439 jamin

142 1458 229 1528 vivo
248 1458 305 1529 ad
317 1458 413 1530 duos
420 1461 508 1548 fere
523 1457 659 1556 digitos
679 1458 778 1531 latos
795 1454 896 1529 ferro
916 1459 1077 1531 incisam
1092 1458 1128 1527 iu·

141 1572 253 1647 fantis
269 1589 377 1672 pater
392 1576 535 1648 sivisset
548 1576 663 1675 paulo
676 1575 786 1649 altius
798 1572 970 1673 perfodi3
983 1578 1039 1649 sic
1051 1575 1128 1649 euim

141 1695 182 1764 in
201 1717 334 1795 cavum
346 1693 516 1792 proxime
529 1692 735 1767 desinentis
745 1693 913 1765 intestini
923 1709 1128 1791 perventum

144 1825 250 1883 esser.
334 1901 338 1907 .

193 1926 1129 2028 5.Verumuthocvitiigenusaliquando,etiamcun

143 2047 204 2129 vix
217 2044 413 2145 sperabilis
431 2046 582 2121 videtur
601 2047 765 2134 curatio,
783 2045 906 2119 sanari
923 2061 1077 2144 potest,
1094 2047 1130 2118 st

141 2165 361 2239 insanabilia
379 2181 468 2239 sunt
486 2165 612 2263 plura,
629 2167 789 2238 uticum
804 2163 975 2237 occlusio
990 2180 1059 2237 aut
1071 2162 1130 2237 ade

140 2284 264 2355 mietio
288 2297 343 2356 est
368 2283 407 2353 in
436 2281 565 2380 aliquo
594 2284 788 2382 superiore
818 2282 1024 2370 intestino,
1044 2283 1131 2378 eujus

139 2401 195 2472 rei
211 2417 292 2472 tum
312 2398 375 2473 bic
399 2399 821 2499 inSepulchretossum
834 2397 923 2471 alibi
942 2425 965 2472 a
982 2422 1131 2500 nequo*

139 2543 214 2616 que
233 2516 392 2591 habebis
407 2518 588 2617 exempla.
607 2518 753 2610 Quibus
765 2517 918 2614 adjicies
930 2541 1016 2591 non
1033 2515 1130 2591 modo
1172 2520 1174 2561 l

137 2635 340 2709 indicatam
367 2638 561 2734 superiore
588 2636 744 2735 epistola
767 2635 823 2732 (4)
848 2658 1029 2709 carneam
1048 2660 1130 2732 ωας

58 2828 62 2835 ,
137 2778 225 2827 nam
246 2755 561 2843 excrescentium,
583 2757 684 2827 intra
698 2753 812 2827 colon
837 2778 858 2824 a
884 2756 1061 2827 Cortesio
1085 2777 1130 2825 rc·

137 2889 303 2972 pertam,
322 2871 387 2945 sed
414 2887 452 2943 et
476 2872 659 2945 annulum
689 2897 733 2944 ex
764 2870 951 2970 glandulis
978 2870 1131 2949 skirrbo

42 3074 44 3078 ¹
138 3015 246 3080 sum,
264 3012 379 3088 quem
398 2988 539 3060 ibidem
555 2989 677 3088 praecl.
699 2989 854 3061 Haasius
869 2985 924 3085 (5)
935 2987 1132 3087 depreben-

137 3108 213 3195 dit,
229 3109 291 3179 vix
312 3107 419 3180 tenui
445 3106 540 3203 stylo
563 3122 755 3205 patentem
778 3108 946 3203 itemque
977 3106 1131 3204 ejusden

104 3320 107 3326 ³
136 3225 305 3298 intestini
320 3223 458 3295 callum
477 3221 593 3297 ferme
611 3225 917 3323 cartilaginem,
934 3249 1055 3323 quem
1067 3224 1131 3321 ejus

193 3544 221 3622 ι)
242 3545 317 3620 pr
333 3545 419 3602 Nc.
438 3545 503 3602 dec
522 3563 551 3614 1,
569 3546 604 3600 A
622 3545 657 3612 3
674 3545 738 3602 obs.
754 3543 821 3616 '257

182 3645 220 3724 ι)
241 3645 315 3702 Obs
332 3644 387 3720 59,
405 3645 457 3702 cit.
449 3663 573 3723 .supra,
585 3645 625 3703 ad
633 3664 670 3702 ιι.
685 3645 713 3702 3.

180 3745 308 3823 3)Αοῐ.
325 3746 409 3802 N..C
428 3757 449 3801 t.
468 3746 500 3815 8,
518 3745 642 3811 obsmad

189 3846 347 4023 ilen
242 3947 407 4002 Commerc.
423 3944 512 4002 litter.
526 3948 562 4002 A.
579 3952 669 4017 1722,
683 3940 772 4002 hebd.
787 3943 883 4019 45,u.
901 3964 930 4003 a.

177 3546 187 3622 (

175 3645 186 3711 l

176 3744 187 3798 ι

177 3845 189 3922 (

173 3945 204 4022 l
