2580 4514
137 309 206 383 552
299 334 346 378 nr
373 330 521 378 sumnus
547 331 590 376 er
616 329 741 378 ciusrs
768 330 987 380 norinorum

136 448 334 543 inspectae,
352 469 422 514 nec
443 458 550 514 certae
574 441 701 540 figurae
716 445 883 517 inventae
906 463 1015 518 sunt:
1035 449 1122 545 parti·

137 563 306 634 cularum
324 550 448 632 tanien
464 562 564 633 illius
582 563 654 633 seri
670 561 800 659 figurae
820 563 872 635 ab
893 564 1012 662 hujus
1025 562 1126 663 figuris

137 680 315 750 nonnihil
345 679 617 777 discrepabant.
660 685 992 755 Concrementum
1027 697 1128 754 autem

136 797 250 882 illud,
277 796 381 893 quod
408 799 445 865 in
466 797 664 892 pericardii
682 823 765 868 sero
793 800 1007 887 innatavit,
1035 797 1129 870 forma

138 931 217 984 erat
234 913 513 1011 propemodum
540 914 738 1010 spbaeriea3
765 931 804 987 et
830 943 881 988 ex
902 919 1031 1016 parvis
1048 916 1130 1015 quasi

137 1031 310 1104 vesiculis
332 1033 370 1100 in
391 1056 508 1100 unum
529 1034 714 1128 congestis
730 1030 829 1104 effici
851 1033 1065 1106 videbatur.

188 1176 220 1246 7.
254 1148 404 1220 Solebat
424 1147 610 1232 Valsalva,
636 1173 723 1220 curn
751 1175 893 1246 aquam
923 1153 965 1222 in
987 1154 1132 1249 corporis

140 1292 270 1337 caveas
287 1263 443 1337 effusa'm
464 1266 697 1355 inveniebat,
712 1269 833 1364 qualis
850 1270 936 1367 ipsa
960 1285 1057 1343 esset
1075 1294 1131 1341 nou

138 1384 254 1455 modo
268 1382 482 1471 attendere,
508 1385 571 1455 sed
591 1400 627 1456 et
643 1409 711 1482 per
728 1386 820 1455 varii
841 1390 1002 1482 generis
1015 1389 1132 1489 experi-

139 1517 265 1573 menta
281 1526 468 1597 quaerere,
495 1526 588 1598 saepe
607 1504 693 1598 igne
716 1518 842 1591 utens,
871 1529 1132 1602 nonnunquam
1161 1498 1165 1509 ¹

140 1636 326 1690 certarum
341 1640 467 1689 rerum
481 1619 715 1689 admistione.
730 1620 885 1692 Solebat
897 1625 1133 1721 quoquelym·

138 1737 407 1838 phaeductuum
438 1737 543 1808 sedes
566 1738 771 1834 inspicere,
802 1754 838 1810 et
864 1741 947 1811 sive
977 1742 1005 1810 ii
1030 1757 1132 1838 turge-

139 1869 244 1940 rent,
269 1855 344 1923 sive
371 1853 477 1925 nullo
503 1854 619 1925 modo
640 1880 676 1925 se
700 1855 919 1952 proderent
958 1858 1131 1929 adnotare.

139 1974 348 2067 Utramque
368 1970 465 2040 hanc
485 1973 564 2065 ejus
581 1972 898 2043 consuetudinem
915 1999 1007 2045 cum
1022 1978 1060 2045 in
1078 1974 1135 2072 ple

141 2091 267 2184 risque
287 2088 367 2159 aliis
387 2114 479 2187 quas
500 2091 653 2187 reliquit
675 2090 788 2186 hujus
810 2095 968 2188 generis
983 2094 1135 2164 observa·

141 2206 332 2290 tionibus,
362 2221 442 2276 tum
472 2210 576 2277 inea
608 2209 812 2304 praesertim
838 2212 1135 2284 animadverteris

143 2350 254 2421 quam
274 2324 390 2394 modo
408 2328 691 2422 proposuimus.
708 2326 935 2427 Quaerebat,
953 2346 998 2402 ut
1020 2329 1135 2411 credo,

140 2443 285 2512 ratione
301 2457 481 2537 utraque,
507 2442 608 2512 uude
623 2468 719 2539 aqua
736 2445 946 2533 extitisset,
967 2471 1019 2518 an
1037 2472 1056 2517 a
1077 2446 1136 2516 dis-

140 2561 263 2655 ruptis
280 2560 323 2629 iis
342 2559 519 2646 vasculis,
540 2584 587 2629 an
605 2560 779 2647 aliunde;
797 2563 827 2630 si
846 2559 949 2633 forte
968 2579 1056 2660 post
1070 2563 1137 2633 lon·

141 2702 224 2774 gam
242 2668 548 2747 observationum
565 2679 698 2748 seriem
723 2703 769 2749 eo
786 2681 1027 2775 perveniret,
1050 2695 1138 2751 uter

140 2818 245 2891 aquae
264 2796 439 2891 portione
460 2820 479 2864 e
495 2795 642 2867 vivente
661 2794 873 2891 hydropico
889 2797 1038 2869 eductae
1056 2797 1138 2867 hanc

141 2938 185 2982 ex
217 2914 261 2981 iis
287 2911 443 2988 ,vasculis
476 2910 662 2981 effluxisse
691 2911 947 3009 digposcens,
977 2914 1138 2986 morbum

138 3029 392 3107 insanabilem
407 3031 683 3126 pronunciaret.
701 3030 950 3111 Positaen-im
975 3033 1038 3104 illa
1054 3033 1140 3128 diag-

140 3150 247 3234 nosi,
274 3164 315 3217 ut
338 3163 427 3244 puta
448 3148 486 3217 iu
512 3147 685 3243 exemplo
705 3147 794 3218 alias
815 3151 874 3242 (1)
898 3150 972 3221 tibi
991 3175 1139 3222 comme·

139 3279 307 3348 morata,
351 3264 427 3333 haec
464 3267 664 3361 prognosis
704 3267 985 3362 consequitur,
1022 3266 1139 3366 priscis

124 3368 245 3479 -aeqrie
265 3383 454 3478 incognita
468 3407 511 3454 ac
525 3407 610 3453 vasa
632 3382 714 3451 illa:
738 3408 906 3479 quorum
936 3387 1139 3457 inventione

140 3525 216 3570 non
228 3515 413 3569 mutatum
433 3524 510 3570 esse
530 3500 569 3569 iu
593 3500 665 3569 hoc
686 3499 824 3574 morbo
835 3510 1082 3600 prognosim,
1101 3502 1139 3571 iu·

179 3888 223 3964 (ι)
245 3889 337 3963 Epist.
357 3889 407 3960 16,
422 3886 494 3944 nni.
