2580 4514
164 378 236 424 rur
258 379 315 425 ιιι.
337 376 385 425 ns
404 372 727 439 resarsurum,
752 376 864 423 nrrsr.
886 377 1022 424 xxxvn.
1052 353 1123 451 539

119 503 212 587 tem,
229 484 469 576 Scheifeliutn
486 485 544 584 (1)
562 488 749 585 deniqne,
765 505 807 561 ut
822 490 916 563 alios
930 491 1124 563 brevitatis

121 607 255 687 studio
266 607 386 680 sciens
403 606 595 693 omittam,
612 605 716 703 quod
729 606 775 677 ad
790 611 987 705 purgantis
1003 634 1123 680 reme·

119 723 183 803 dis
202 723 353 808 attinet,
371 721 508 797 diserte
526 721 777 796 scribentem:
795 723 932 795 nollem
954 724 996 794 id
999 725 1125 815 facile

119 845 282 927 imitare,
303 853 468 914 metecus
491 864 539 911 nc
555 841 668 912 simul
684 840 821 912 calculi
838 848 891 912 sr'e
914 847 1122 928 constituti,

120 970 168 1037 nt
182 956 421 1056 repellimur
438 962 607 1056 possint,
632 975 870 1046 moveantur,
905 965 1030 1056 sicque
1059 959 1125 1029 do·

119 1073 222 1153 lom
241 1066 532 1175 temperentur,
560 1076 724 1171 quosue}
757 1078 811 1147 ira
842 1075 1042 1162 duntaxat,
1074 1057 1123 1146 si-

119 1193 201 1273 cuti
228 1193 413 1284 continuo
429 1191 618 1282 ostendit,
644 1194 683 1263 in
704 1195 890 1288 ejusmodi
909 1194 1031 1290 aegris,
1043 1217 1122 1263 non

119 1308 242 1393 nodo
254 1310 496 1408 purgantium
510 1311 704 1397 stimulus,
724 1309 829 1382 facile
845 1313 992 1383 concita
999 1326 1024 1380 t.

169 1423 230 1504 ὅθ.
257 1426 438 1525 intelligis
474 1428 598 1525 ipsum
621 1427 669 1499 de
693 1427 943 1526 purgantibus
960 1426 1126 1499 medica-

119 1530 261 1623 mentis
282 1546 393 1621 etiem
420 1561 501 1621 tum
528 1546 656 1642 loqui,
687 1570 776 1616 cum
798 1546 975 1634 dolores,
1003 1545 1127 1641 ejecto

119 1662 289 1752 retento,
306 1665 620 1760 conquieverunt3
641 1689 723 1761 quae
740 1689 829 1762 pars
844 1665 961 1736 altera
982 1677 1037 1736 est
1060 1687 1124 1733 cu·

119 1779 288 1860 mitanis,
306 1781 376 1855 vet
392 1795 482 1853 tunc
500 1783 616 1879 igitur
639 1781 691 1853 ob
712 1807 772 1854 eas
798 1808 878 1879 quae
895 1781 1009 1854 modo
1027 1779 1128 1851 indi.

119 1911 217 1979 catae-
232 1913 318 1987 suut
335 1882 482 1986 causas,
500 1922 520 1969 a
539 1899 788 1998 purgantibus
808 1898 1058 1985 abstinerem,
1087 1913 1126 1970 et

119 2012 329 2097 tentorium
345 2015 471 2112 potius
482 2017 659 2089 remediis
670 2019 846 2112 intestina
856 2016 1124 2114 abstergerem,

119 2157 171 2213 ne
187 2128 285 2211 forte
302 2133 441 2229 ejectus
455 2136 495 2205 in
510 2135 589 2232 ipsa
607 2135 770 2207 calculus
787 2135 912 2232 aliqua
931 2137 970 2204 iu
990 2158 1127 2204 eorum

119 2248 212 2330 aeds
229 2249 453 2339 subsistens,
469 2277 511 2323 ea
522 2255 753 2325 incrementa
766 2267 914 2348 caperet
930 2276 1013 2348 quae
1026 2276 1125 2348 aegro

119 2382 248 2445 essent
280 2368 483 2466 aliquando
514 2371 697 2440 nocitura.
727 2374 823 2441 Cave
853 2384 976 2438 autern
998 2393 1046 2438 ne
1066 2392 1128 2447 me

119 2499 324 2583 propterea
356 2486 584 2559 timidiorem
615 2512 745 2579 voces,
773 2501 838 2557 aut
870 2486 900 2558 si
929 2483 1024 2558 forte
1052 2487 1155 2573 vis,

120 2604 361 2691 etiamtiam,
380 2604 540 2676 id'enim
569 2607 695 2676 minus
717 2630 852 2676 vereor
880 2630 994 2702 quam
1013 2605 1041 2674 si
1060 2628 1127 2674 au.-

120 2720 317 2801 umorem
343 2745 514 2810 uocares,
531 2724 574 2793 in
591 2748 636 2794 eo
654 2722 828 2794 videlicet
848 2721 972 2792 morbi
990 2746 1127 2818 genere

119 2839 168 2915 in
192 2862 272 2934 quo
301 2863 416 2936 supra
445 2840 501 2935 (a)
530 2856 721 2912 ostensum
738 2855 819 2928 est,
847 2837 1131 2937 quiescentibus

120 2955 278 3035 calculis
292 2955 387 3029 nibil
398 2982 656 3055 sepenumero
670 2958 849 3030 molestiae
861 2958 1015 3055 percipi.
1029 2959 1129 3046 Qua-

119 3087 286 3173 propter
303 3078 343 3147 iu
374 3075 447 3146 bae
472 3102 627 3175 queque
654 3079 770 3150 altera
791 3077 996 3148 curationis
1023 3089 1132 3172 parte

120 3191 207 3269 noli
224 3193 353 3272 mirari
367 3246 376 3279 ‚
392 3195 497 3290 quod
524 3196 646 3269 missis
666 3193 913 3294 pellentibus,
943 3192 981 3264 id
1006 3193 1131 3266 solum

120 3308 341 3381 faciendum
370 3314 655 3409 proposuerim,
675 3328 718 3383 ut
740 3315 768 3384 si
786 3315 871 3410 quis
893 3310 990 3384 forte
1017 3327 1130 3382 restet

121 3427 313 3514 calculus,
327 3427 569 3517 dissolvatur,
587 3430 794 3502 dummodo
812 3431 885 3502 hoc
907 3431 1024 3528 possit
1035 3428 1129 3505 fieri¹

163 3785 210 3859 '1)
230 3787 354 3843 Dissert.
370 3807 459 3863 supra
473 3791 510 3848 ad
524 3812 554 3848 n.
570 3793 605 3859 ¹3.
619 3793 668 3857 cit.
686 3792 763 3865 §301-

164 3884 212 3968 (ι)
232 3889 269 3944 Ν.
285 3888 319 3958 37
337 3899 365 3944 et
379 3888 425 3944 38.
