2580 4514
153 94 223 175 aad
320 113 367 160 or
392 112 537 160 surmus
561 115 605 159 ur
631 114 754 161 causts
779 115 991 164 uoauoaurc

152 251 242 296 num
260 225 417 297 transire
438 248 485 296 ne
511 228 628 297 sinat:
647 251 761 323 quam
782 226 950 301 tabulam
969 230 1140 303 Mutatus

149 344 277 415 vestiri
303 340 459 438 jubebat
484 368 612 440 panno
643 343 799 415 cacruleo
830 370 875 415 ex
894 346 1047 444 indigo,
1070 364 1146 421 uon

152 477 262 532 terroe
287 459 559 555 Modogascar‚
590 461 653 532 scd
678 460 885 532 insularum
911 464 1150 555 Antillt‘duna.

150 578 368 674 Eodemque
394 578 544 648 tandem
570 578 703 649 recidit
733 578 858 675 quod,
884 580 993 654 nullo
1014 583 1152 655 instra*

151 711 279 766 mento
306 694 495 782 adhibito,
514 695 692 766 suadebat
716 697 935 795 Paraeus(1)
961 698 1151 787 scribens,

151 828 270 882 rectus
285 797 460 907 stansque
477 818 510 882 si
535 812 659 883 alvum
683 838 891 885 exonerare
900 825 1046 914 possit,
1064 840 1151 889 nun·

149 955 262 1025 quam
282 928 455 1026 egerendi
470 935 706 1000 contentione
723 935 937 1002 intestinum
959 932 1148 1007 exclusura

150 1053 204 1116 iri.
221 1051 361 1118 Verum
388 1072 472 1117 cum
493 1062 610 1144 aeger,
627 1045 738 1118 nobis
756 1050 993 1146 propositus,
1019 1077 1145 1124 exone-

125 1153 128 1164 ’
149 1190 232 1236 rare
252 1165 375 1235 alvum
394 1181 576 1261 nequeat,
594 1166 684 1254 uisi,
704 1167 808 1235 omni
826 1167 987 1239 artificio
1007 1186 1142 1261 amoto,

150 1282 365 1353 intestinum
396 1283 496 1352 exire
515 1283 629 1370 sinat3
658 1298 778 1354 terere
808 1285 902 1355 mihi
928 1300 1080 1385 tempus
1098 1289 1141 1358 vi-

147 1399 254 1484 dear,
273 1398 302 1469 si
319 1398 387 1468 alia
407 1398 680 1493 ejusdemmodi
693 1402 904 1498 excogitare
919 1427 1062 1493 coner,
1079 1430 1136 1478 uec

147 1517 273 1612 potius
300 1539 448 1585 causam
465 1542 648 1612 quaeram,
668 1541 736 1588 cur
755 1519 895 1590 inutilis
914 1518 979 1607 hic
1001 1546 1088 1595 usus
1100 1522 1136 1593 sit

146 1630 315 1727 ejusdem
330 1632 432 1702 modi
442 1635 799 1723 instrumentorum,
819 1651 862 1704 ut
879 1633 950 1707 hac
968 1662 1133 1710 causaco
1177 1670 1179 1675 ·

150 1751 270 1846 gnita,
290 1765 354 1820 aut
369 1751 515 1822 solertis
530 1751 698 1846 chirurgi
714 1751 871 1846 alicujus
891 1754 1075 1827 excitetur
1087 1758 1133 1827 io·

146 1869 295 1964 genium
311 1869 356 1939 ad
374 1868 486 1965 longe
503 1869 604 1939 aliud
621 1867 724 1966 quod
744 1869 834 1940 utile
854 1894 936 1941 esse
955 1875 1074 1969 possit
1087 1875 1132 1943 iu·

143 1986 392 2072 veniendum,
413 2003 476 2057 aut
501 1989 532 2058 si
550 1986 623 2056 hoc
648 1988 805 2055 omnino
830 1983 914 2058 fieri
935 2013 1017 2061 nou
1041 2012 1131 2090 posse

98 2153 102 2161 .
143 2103 390 2200 intelligatur,
411 2128 497 2201 pars
513 2102 645 2176 affecta
666 2105 779 2177 nullis
796 2106 834 2174 in
852 2121 1054 2202 posterum
1069 2112 1131 2180 ius·
1176 2146 1179 2181 t

144 2222 341 2292 trumentis
353 2239 518 2292 vexetur.
1062 2222 1065 2226 “

192 2338 224 2408 8.
241 2343 287 2409 Et
303 2341 469 2437 primurn
483 2338 660 2410 credibile
676 2364 765 2410 sane
785 2340 847 2410 hic
866 2358 1042 2429 nonest,
1059 2342 1130 2413 ideo

142 2459 240 2526 exire
260 2458 479 2528 intestinum
495 2459 702 2528 necessario
721 2482 801 2528 esse
814 2458 1033 2551 sinendum,
1043 2456 1132 2558 quod

139 2590 372 2646 recrementa
400 2576 526 2645 minus
558 2598 677 2645 crassa
706 2590 742 2645 et
770 2573 864 2645 dura
890 2578 1055 2651 transire
1078 2601 1132 2647 ne·

140 2707 280 2787 queant
297 2717 366 2789 per
382 2692 704 2763 instrumentaille
715 2717 797 2788 quae
808 2706 897 2762 sunt
913 2708 1132 2781 memoratu

138 2792 176 2876 id
196 2810 295 2877 enim
317 2812 347 2879 si
367 2825 478 2896 esset,
492 2809 568 2903 jam
582 2809 729 2906 pridem
745 2807 873 2881 luisset
885 2813 1134 2908 provisum‚et

138 2949 186 2994 ne
206 2924 411 3010 accideret,
428 2940 641 3023 opportuna
661 2941 723 2996 aut
744 2925 895 2997 vivendi
926 2951 1066 3000 norma
1080 2940 1134 2999 aut

137 3041 276 3112 modici
305 3044 457 3139 aptique
485 3036 657 3113 humoris
683 3041 886 3137 injectione
916 3043 1130 3141 perfectum.

136 3164 267 3255 Itaque
284 3160 514 3256 relinquitur
530 3175 572 3229 ut
588 3160 703 3230 totius
716 3160 884 3231 intestini
901 3177 969 3233 aut
985 3163 1131 3236 interne

136 3277 216 3372 ejus
232 3279 368 3348 tunicae
383 3277 651 3347 relaxationem
666 3292 807 3348 tantam
823 3299 902 3349 esse
919 3280 1130 3367 credamus,

753 3496 1126 3524 ..mm

173 3647 216 3726 (ι)
238 3620 309 3721 Call.
326 3647 375 3702 cit.
391 3667 495 3721 supra,
508 3650 547 3705 ad
558 3669 589 3704 n.
605 3651 632 3706 3.
686 3675 688 3679 ¹
