2580 4514
221 399 288 446 ma.
310 398 365 445 111.
384 398 432 466 ¹oe
451 395 897 459 nouarsvrurn1s,nr1sr.
916 397 1066 446 xxxvru.
1094 375 1165 448 613
1211 451 1212 455 ,

161 487 374 604 'litteris(1)
393 507 432 580 id
444 506 604 578 faciendi
621 507 873 605 opportunior
885 508 1011 593 locus3
1026 509 1168 606 hydro-

170 626 229 725 pis
247 626 345 696 enirn
364 624 410 695 de
425 630 554 722 quoin
572 624 630 695 his
647 648 770 696 sermo
783 639 855 708 est,
876 626 1044 720 proxima
1059 643 1167 697 certae

172 766 283 813 causa
302 767 379 812 non
396 741 487 813 illud
516 739 602 826 fnit,
629 756 670 812 ut
695 738 849 812 fuerunt
872 755 1055 836 quantum
1075 749 1170 818 exis-

170 860 284 945 timo,
302 857 476 956 disruptae
492 857 699 957 hydatides.
714 862 858 955 Nempe
875 871 918 929 ut
934 859 973 926 in
988 861 1170 933 exteriore

171 976 454 1061 intestinorum,
468 990 504 1046 et
518 975 623 1046 lienis
635 972 727 1046 facie
742 957 893 1071 aliquot
902 972 1078 1046 extabant
1089 1001 1172 1072 quae

296 1166 299 1171 ,
359 1091 607 1178 dissilierant,
635 1092 687 1164 sic
713 1116 833 1189 prope
857 1092 1075 1163 innumeras
1091 1105 1172 1165 tum

156 1091 414 1431 &itum
426 1209 466 1279 in
482 1208 561 1280 aliis
578 1208 748 1307 partibus
764 1205 875 1282 fuisse
892 1208 1075 1299 arbitror,
1090 1235 1173 1307 qum

322 1350 364 1396 ea
382 1342 591 1424 perruptae,
607 1327 770 1397 suumin
782 1327 923 1399 ventris
941 1351 1090 1399 caveam
1105 1326 1173 1401 bu·

161 1423 318 1518 ¹morem
339 1439 564 1516 effudissent
594 1447 639 1515 Et
667 1467 716 1516 ne
742 1443 929 1517 multis-te
954 1442 1171 1532 detineam,

163 1542 263 1632 meae
290 1585 349 1631 me
374 1561 413 1630 iu
431 1559 650 1657 albuginea,
670 1573 707 1632 et
724 1560 885 1658 reginali
913 1560 1175 1634 testiculorum

133 1656 310 1783 'i'fftirnicis
326 1701 489 1775 persaepe
505 1675 639 1749 habitae
653 1676 960 1773 observationes(
986 1676 1102 1774 )illuc
1115 1662 1174 1750 ad·

173 1790 338 1884 ducunt,
358 1811 400 1867 ut
424 1795 573 1868 credam
593 1793 836 1892 hydatidum,
861 1796 937 1870 sive
960 1796 1175 1868 tunicarum

173 1912 368 2009 inquibus
385 1914 601 1995 increscunt
619 1914 724 2012 ipsae,
743 1913 1005 1989 membraneas
1018 1913 1175 1985 laminas

175 2054 304 2101 earum
325 2029 525 2102 humorem
548 2030 861 2129 complectentes,
878 2047 1078 2129 postquam
1101 2029 1175 2103 dis-

174 2163 295 2243 ruptae
311 2147 415 2219 hunc
429 2145 669 2236 effuderunt,
690 2171 728 2218 se
744 2171 885 2244 suaque
900 2146 1048 2218 vaseula
1064 2148 1102 2216 in
1120 2172 1175 2218 ca·

176 2252 345 2334 runculae
359 2261 519 2334 formam
532 2250 697 2361 primum
711 2262 954 2350 contrahere,
972 2277 1009 2333 et
1024 2263 1095 2334 nisi
1107 2288 1176 2334 no·

175 2402 246 2448 vus
265 2378 349 2449 illac
369 2379 507 2450 humor
519 2377 672 2451 effluere
692 2394 844 2478 pergat,
860 2379 1030 2450 indurari
1054 2394 1091 2450 et
1116 2405 1177 2452 ex·

176 2497 306 2570 siccari
315 2495 479 2594 denique
488 2498 552 2585 sic,
566 2513 607 2569 ut
617 2497 700 2570 alba
711 2497 773 2568 illa
788 2511 825 2568 et
837 2496 929 2569 dura
943 2496 1178 2570 subrotunda

177 2612 372 2688 tubercula
403 2630 668 2713 repraesentent
695 2614 766 2685 alia
789 2613 892 2703 aliis,
917 2629 959 2685 ut
984 2613 1178 2712 hydatides

177 2727 347 2819 fuerant,
373 2733 516 2828 majora
544 2746 608 2804 aut
634 2732 803 2820 minora,
834 2729 1006 2828 qualibus
1032 2731 1072 2800 in
1094 2729 1179 2802 des-

179 2850 298 2946 cripta
321 2850 465 2946 virgine
487 2851 618 2922 intima
644 2849 838 2948 peritonaei
861 2846 998 2933 facies,
1023 2849 1179 2945 ejusque

178 2966 381 3066 productio
410 2992 479 3066 per
505 2970 679 3042 extimam
710 2968 818 3040 lienis
847 2981 884 3038 et
914 2966 1181 3038 intestinorum

181 3083 480 3181 exasperabatur.
496 3088 700 3182 Legesis·in
720 3067 967 3182 Sepulcbreto
982 3083 1036 3180 (3)
1052 3082 1183 3156 obser-

180 3203 371 3271 vationem
395 3201 527 3273 iacobi
554 3199 714 3289 Wollfii,
736 3199 802 3272 ubi
824 3201 979 3272 asciticae
1005 3205 1183 3272 intestinis

179 3314 382 3388 adhaesisse
398 3322 577 3414 sparsim,
595 3319 668 3398 ait,
690 3316 913 3390 carunculas
934 3299 1020 3416 quoe
1039 3331 1184 3416 apertae

167 3431 391 3525 fiandebant
416 3433 587 3506 ichorem.
612 3439 711 3534 Lege
733 3459 816 3534 quae
834 3434 880 3506 de
901 3433 1018 3509 altera
1035 3434 1184 3506 ascitica

224 3725 268 3805 (1)
289 3733 383 3806 Epist.
396 3734 447 3808 39,
459 3754 488 3789 n.
503 3734 551 3791 36.

227 3829 269 3904 la)
290 3831 361 3888 Vid.
373 3832 466 3907 Epist.
481 3834 535 3902 43,
547 3854 578 3889 n.
595 3834 630 3890 16
641 3845 742 3908 etseq.

226 3927 270 4006 (3)
290 3931 327 3989 In
339 3931 480 3993 additam.
491 3933 530 3991 atl
541 3935 618 3991 hanc
631 3945 702 3992 sect.
717 3952 769 4004 21,
784 3932 849 3990 obs.
863 3929 913 3989 65.
962 3946 971 3964 ‘
