2580 4514
189 844 422 919 ansioni
446 842 946 919 Andronico-uenies
968 844 1082 919 xxxv.
1155 819 1174 943 l

207 1104 244 1168 A
248 1096 426 1169 bsolvz‘tur
442 1120 560 1166 sermo
581 1096 628 1166 de
644 1099 913 1166 Intestinorum
931 1101 1073 1170 Dolore.
1170 1070 1174 1108 ·,

147 1350 299 1485 Pruna
328 1411 481 1506 quidem
505 1412 776 1480 Intestinorum
798 1410 973 1500 Doloris,
994 1427 1031 1484 et
1048 1412 1125 1484 hune
1171 1470 1174 1513 3

146 1529 459 1626 consequentium
500 1522 811 1598 Inflammationis
856 1545 893 1600 et
936 1535 1129 1630 Gangrana
1172 1520 1174 1527 ⁵

147 1648 317 1745 exempla
340 1646 553 1716 novissimis
570 1645 704 1716 litteris
728 1647 951 1744 complexus
975 1654 1132 1721 sumla·
1162 1680 1165 1685 ·

146 1792 235 1838 rnen
255 1777 394 1834 restant
418 1763 488 1832 alia
509 1777 613 1833 tanto
632 1762 805 1860 digniora
823 1789 906 1861 quae
928 1780 1031 1855 ate,
1051 1783 1134 1838 caete·

146 1886 272 1979 risque
300 1880 512 1975 junioribus
543 1879 697 1951 medicis
717 1880 987 1971 attendantur,
1013 1900 1136 1982 quanto

145 2015 208 2070 aut
226 1998 400 2069 breviore
420 2013 614 2094 tempore,
633 2012 697 2067 aut
714 1995 902 2069 fallaciore
919 2001 1137 2073 remissionis

147 2117 385 2189 simulatione
401 2116 577 2212 abreptos
592 2139 707 2211 aegros
727 2116 950 2212 conspicies.
977 2122 1009 2189 Α
1031 2122 1138 2218 primo

145 2260 281 2334 genere
306 2235 551 2330 incipiamuS‚
574 2246 686 2328 atque
706 2232 800 2303 adeo
820 2233 867 2304 ab
883 2235 1064 2330 juvenis,
1087 2239 1139 2336 qui

144 2353 275 2440 nobis,
298 2377 382 2423 cum
400 2352 575 2421 Bononiae
591 2374 756 2421 essemus
773 2351 999 2427 notissimus
1011 2353 1139 2443 fuerat,

144 2495 232 2542 casu
254 2471 557 2567 tam-praecipite,
574 2484 617 2538 ut
633 2494 731 2565 pene
750 2471 856 2566 prius
876 2488 1076 2546 mortuum
1086 2499 1139 2547 au·

141 2588 344 2659 diverimus
369 2610 484 2685 quam
503 2601 756 2683 aegrotantem.
771 2591 862 2677 Res,
878 2593 923 2660 ut
953 2589 1139 2692 diligenter

142 2732 163 2777 a
179 2706 349 2778 Valsalva
361 2731 441 2774 non
460 2705 596 2801 scripta
614 2704 791 2801 quidem,
810 2704 877 2776 sed
897 2722 993 2781 tunc
1005 2723 1140 2783 narrata

141 2824 252 2896 nobis
266 2840 336 2909 est,
356 2823 522 2917 adhunc
540 2821 696 2892 ‚nodum
716 2847 753 2894 se
769 2822 913 2896 habuit.

192 2971 223 3013 2.
251 2947 396 3012 Lrsmus
424 2939 526 3011 Laelii
552 2941 924 3030 Forocorneliensis,
954 2945 1139 3018 medicine

141 3060 357 3147 studiosus,
393 3057 603 3130 solitudinis
629 3044 758 3129 amans
778 3112 789 3146 ,
810 3073 848 3130 et
875 3076 1019 3135 natura
1044 3062 1138 3137 facile

139 3179 319 3264 irascens,
339 3201 426 3247 cum
443 3179 603 3272 optime,
624 3192 666 3246 ut
686 3174 851 3259 solebat,
865 3179 1033 3272 valeret,
1047 3178 1139 3253 nulla

140 3296 297 3364 omnino
314 3295 449 3390 praevia
461 3319 569 3365 causa
584 3348 593 3381 ,
610 3295 681 3364 nisi
702 3293 805 3390 quod
823 3311 972 3391 patrem
983 3302 1138 3381 ,minam

138 3436 246 3509 agere
263 3426 354 3482 tune
372 3411 530 3496 sciebat,
547 3414 768 3508 tristemque
793 3414 873 3509 ejus
892 3419 1037 3495 mortis-
1051 3440 1137 3490 nun·

138 3531 239 3599 cium
256 3554 354 3626 aegro
372 3530 500 3601 animo
518 3529 754 3628 expectabat,
771 3532 870 3603 circa
890 3534 1064 3609 medium
1078 3558 1138 3609 no-

135 3647 329 3718 vembrem
347 3647 783 3745 anni1705‚horanoctis
798 3666 932 3746 quarta
942 3678 994 3725 an
1008 3656 1138 3753 quinta,

135 3782 290 3863 repente
304 3765 440 3836 acerbo
463 3767 667 3863 corripitur
686 3765 821 3838 dolore
837 3769 1070 3846 umbilicalis
1088 3794 1139 3843 re-

136 3884 274 3980 gionis,
294 3884 409 3954 modo
427 3884 582 3981 quidem
604 3883 685 3973 hic,
704 3885 822 3958 modo
840 3886 919 3962 illie
933 3894 1064 3992 magis
1084 3913 1139 3965 ur·
