<?xml version="1.0" encoding="UTF-8"?>
<!DOCTYPE html PUBLIC "-//W3C//DTD XHTML 1.0 Transitional//EN"
    "http://www.w3.org/TR/xhtml1/DTD/xhtml1-transitional.dtd">
<html xmlns="http://www.w3.org/1999/xhtml" xml:lang="en" lang="en">
 <head>
  <title>
</title>
<meta http-equiv="Content-Type" content="text/html;charset=utf-8" />
  <meta name='ocr-system' content='tesseract 3.04.00' />
  <meta name='ocr-capabilities' content='ocr_page ocr_carea ocr_par ocr_line ocrx_word'/>
</head>
<body>
  <div class='ocr_page' id='page_1' title='image "./desedibusetcaus00adelgoog_0175.png"; bbox 0 0 2654 4508; ppageno 0'>
   <div class='ocr_carea' id='block_1_1' title="bbox 156 303 986 440">
    <p class='ocr_par' dir='ltr' id='par_1_1' title="bbox 156 303 986 440">
     <span class='ocr_line' id='line_1_1' title="bbox 156 303 986 440; baseline -0.006 -24"><span class='ocrx_word' id='word_1_1' title='bbox 156 367 223 440; x_wconf 69' lang='lat'>172</span> <span class='ocrx_word' id='word_1_2' title='bbox 316 368 362 412; x_wconf 89' lang='lat' dir='ltr'>DE</span> <span class='ocrx_word' id='word_1_3' title='bbox 389 303 533 414; x_wconf 57' lang='lat' dir='ltr'>SEDIBUd</span> <span class='ocrx_word' id='word_1_4' title='bbox 559 369 602 412; x_wconf 88' lang='grc' dir='ltr'>ΕΤ</span> <span class='ocrx_word' id='word_1_5' title='bbox 629 366 751 412; x_wconf 70' lang='lat' dir='ltr'>causts</span> <span class='ocrx_word' id='word_1_6' title='bbox 778 366 986 412; x_wconf 79' lang='lat' dir='ltr'>MORBORUM</span> 
     </span>
    </p>
   </div>
   <div class='ocr_carea' id='block_1_2' title="bbox 81 480 1176 3516">
    <p class='ocr_par' dir='ltr' id='par_1_2' title="bbox 81 480 1176 3516">
     <span class='ocr_line' id='line_1_2' title="bbox 150 480 1163 576; baseline 0.001 -26"><span class='ocrx_word' id='word_1_7' title='bbox 150 480 265 550; x_wconf 86' lang='lat' dir='ltr'>ticula</span> <span class='ocrx_word' id='word_1_8' title='bbox 291 496 444 551; x_wconf 88' lang='lat' dir='ltr'>cruenta</span> <span class='ocrx_word' id='word_1_9' title='bbox 471 485 708 565; x_wconf 82' lang='lat' dir='ltr'>cerneretur3</span> <span class='ocrx_word' id='word_1_10' title='bbox 736 505 783 548; x_wconf 86' lang='lat' dir='ltr'>an</span> <span class='ocrx_word' id='word_1_11' title='bbox 811 481 937 576; x_wconf 87' lang='lat' dir='ltr'>potius</span> <span class='ocrx_word' id='word_1_12' title='bbox 967 481 1163 576; x_wconf 83' lang='lat' dir='ltr'>sanguinis</span> 
     </span>
     <span class='ocr_line' id='line_1_3' title="bbox 153 596 1162 694; baseline 0 -27"><span class='ocrx_word' id='word_1_13' title='bbox 153 598 261 694; x_wconf 85' lang='lat' dir='ltr'>copia</span> <span class='ocrx_word' id='word_1_14' title='bbox 279 623 391 694; x_wconf 86' lang='lat' dir='ltr'>quam</span> <span class='ocrx_word' id='word_1_15' title='bbox 406 598 601 694; x_wconf 81' lang='lat' dir='ltr'>pharmaci</span> <span class='ocrx_word' id='word_1_16' title='bbox 617 597 794 668; x_wconf 81' lang='lat' dir='ltr'>violentia</span> <span class='ocrx_word' id='word_1_17' title='bbox 812 599 1015 683; x_wconf 84' lang='lat' dir='ltr'>acciverat,</span> <span class='ocrx_word' id='word_1_18' title='bbox 1033 596 1162 668; x_wconf 84' lang='lat' dir='ltr'>dilata-</span> 
     </span>
     <span class='ocr_line' id='line_1_4' title="bbox 151 715 1158 812; baseline 0.001 -28"><span class='ocrx_word' id='word_1_19' title='bbox 151 731 195 785; x_wconf 85' lang='lat' dir='ltr'>tae</span> <span class='ocrx_word' id='word_1_20' title='bbox 209 730 381 785; x_wconf 76' lang='lat' dir='ltr'>extremm</span> <span class='ocrx_word' id='word_1_21' title='bbox 400 715 662 786; x_wconf 85' lang='lat' dir='ltr'>arteriolarum</span> <span class='ocrx_word' id='word_1_22' title='bbox 675 717 741 784; x_wconf 84' lang='lat' dir='ltr'>viae</span> <span class='ocrx_word' id='word_1_23' title='bbox 752 731 788 786; x_wconf 88' lang='lat' dir='ltr'>et</span> <span class='ocrx_word' id='word_1_24' title='bbox 802 716 1023 812; x_wconf 86' lang='lat' dir='ltr'>sanguinem</span> <span class='ocrx_word' id='word_1_25' title='bbox 1041 715 1158 812; x_wconf 89' lang='lat' dir='ltr'>paulo</span> 
     </span>
     <span class='ocr_line' id='line_1_5' title="bbox 155 830 1164 931; baseline 0.002 -30"><span class='ocrx_word' id='word_1_26' title='bbox 155 848 241 902; x_wconf 85' lang='lat' dir='ltr'>ante</span> <span class='ocrx_word' id='word_1_27' title='bbox 264 830 482 917; x_wconf 81' lang='lat' dir='ltr'><strong>effuderint,</strong></span> <span class='ocrx_word' id='word_1_28' title='bbox 509 848 545 903; x_wconf 93' lang='lat' dir='ltr'>et</span> <span class='ocrx_word' id='word_1_29' title='bbox 573 849 661 902; x_wconf 88' lang='lat' dir='ltr'>tunc</span> <span class='ocrx_word' id='word_1_30' title='bbox 687 831 800 903; x_wconf 85' lang='lat' dir='ltr'>dorso</span> <span class='ocrx_word' id='word_1_31' title='bbox 830 833 944 903; x_wconf 89' lang='lat' dir='ltr'>cultri</span> <span class='ocrx_word' id='word_1_32' title='bbox 975 832 1164 931; x_wconf 91' lang='lat' dir='ltr'>quidquid</span> 
     </span>
     <span class='ocr_line' id='line_1_6' title="bbox 157 931 1166 1048; baseline 0 -28"><span class='ocrx_word' id='word_1_33' title='bbox 157 950 349 1046; x_wconf 83' lang='lat' dir='ltr'>sanguinis</span> <span class='ocrx_word' id='word_1_34' title='bbox 362 949 554 1020; x_wconf 83' lang='lat' dir='ltr'>habebant</span> <span class='ocrx_word' id='word_1_35' title='bbox 573 950 782 1046; x_wconf 91' lang='lat' dir='ltr'>reliquum,</span> <span class='ocrx_word' id='word_1_36' title='bbox 805 951 1063 1046; x_wconf 82' lang='lat' dir='ltr'>exprimente,</span> <span class='ocrx_word' id='word_1_37' title='bbox 1080 931 1166 1048; x_wconf 83' lang='lat' dir='ltr'>pro-</span> 
     </span>
     <span class='ocr_line' id='line_1_7' title="bbox 157 1067 1165 1165; baseline 0.003 -29"><span class='ocrx_word' id='word_1_38' title='bbox 157 1067 337 1154; x_wconf 89' lang='lat' dir='ltr'>tulerint,</span> <span class='ocrx_word' id='word_1_39' title='bbox 366 1068 493 1136; x_wconf 84' lang='lat' dir='ltr'>malim</span> <span class='ocrx_word' id='word_1_40' title='bbox 520 1082 556 1136; x_wconf 89' lang='lat' dir='ltr'>te</span> <span class='ocrx_word' id='word_1_41' title='bbox 583 1092 626 1136; x_wconf 91' lang='lat' dir='ltr'>ex</span> <span class='ocrx_word' id='word_1_42' title='bbox 653 1068 698 1136; x_wconf 93' lang='lat' dir='ltr'>iis</span> <span class='ocrx_word' id='word_1_43' title='bbox 721 1093 803 1163; x_wconf 79' lang='lat' dir='ltr'>quae</span> <span class='ocrx_word' id='word_1_44' title='bbox 830 1067 1165 1165; x_wconf 57' lang='lat' dir='ltr'>Boerhaatius,(1)</span> 
     </span>
     <span class='ocr_line' id='line_1_8' title="bbox 156 1184 1165 1281; baseline 0.002 -27"><span class='ocrx_word' id='word_1_45' title='bbox 156 1209 235 1254; x_wconf 89' lang='lat' dir='ltr'>nnn</span> <span class='ocrx_word' id='word_1_46' title='bbox 261 1210 338 1254; x_wconf 90' lang='lat' dir='ltr'>uno</span> <span class='ocrx_word' id='word_1_47' title='bbox 364 1185 450 1254; x_wconf 90' lang='lat' dir='ltr'>loco</span> <span class='ocrx_word' id='word_1_48' title='bbox 469 1184 514 1255; x_wconf 92' lang='lat' dir='ltr'>de</span> <span class='ocrx_word' id='word_1_49' title='bbox 532 1186 760 1254; x_wconf 85' lang='lat' dir='ltr'>anastomosi</span> <span class='ocrx_word' id='word_1_50' title='bbox 781 1185 928 1281; x_wconf 83' lang='lat' dir='ltr'>scripsit</span> <span class='ocrx_word' id='word_1_51' title='bbox 953 1185 1165 1257; x_wconf 87' lang='lat' dir='ltr'>existimare</span> 
     </span>
     <span class='ocr_line' id='line_1_9' title="bbox 81 1294 1168 1400; baseline 0.002 -29"><span class='ocrx_word' id='word_1_52' title='bbox 81 1307 86 1320; x_wconf 89' lang='grc'><em>“</em></span> <span class='ocrx_word' id='word_1_53' title='bbox 158 1327 270 1398; x_wconf 90' lang='lat' dir='ltr'>quam</span> <span class='ocrx_word' id='word_1_54' title='bbox 294 1294 371 1397; x_wconf 86' lang='lat' dir='ltr'>ipse</span> <span class='ocrx_word' id='word_1_55' title='bbox 390 1300 525 1371; x_wconf 89' lang='lat' dir='ltr'>dicere.</span> <span class='ocrx_word' id='word_1_56' title='bbox 544 1302 723 1398; x_wconf 88' lang='lat' dir='ltr'>Exempla</span> <span class='ocrx_word' id='word_1_57' title='bbox 746 1300 897 1372; x_wconf 84' lang='lat' dir='ltr'>attende</span> <span class='ocrx_word' id='word_1_58' title='bbox 914 1326 996 1397; x_wconf 84' lang='lat' dir='ltr'>quae</span> <span class='ocrx_word' id='word_1_59' title='bbox 1009 1300 1064 1372; x_wconf 89' lang='lat' dir='ltr'>ibi</span> <span class='ocrx_word' id='word_1_60' title='bbox 1081 1327 1168 1400; x_wconf 91' lang='lat' dir='ltr'>pro·</span> 
     </span>
     <span class='ocr_line' id='line_1_10' title="bbox 159 1417 1169 1517; baseline 0.004 -29"><span class='ocrx_word' id='word_1_61' title='bbox 159 1417 247 1517; x_wconf 78' lang='lat' dir='ltr'>fert,</span> <span class='ocrx_word' id='word_1_62' title='bbox 266 1434 302 1488; x_wconf 89' lang='lat' dir='ltr'>et</span> <span class='ocrx_word' id='word_1_63' title='bbox 316 1418 402 1488; x_wconf 84' lang='lat' dir='ltr'>alibi</span> <span class='ocrx_word' id='word_1_64' title='bbox 415 1420 547 1506; x_wconf 87' lang='lat' dir='ltr'>etiam,</span> <span class='ocrx_word' id='word_1_65' title='bbox 564 1434 606 1488; x_wconf 90' lang='lat' dir='ltr'>ut</span> <span class='ocrx_word' id='word_1_66' title='bbox 622 1435 712 1516; x_wconf 83' lang='lat' dir='ltr'>puta</span> <span class='ocrx_word' id='word_1_67' title='bbox 728 1446 814 1490; x_wconf 91' lang='lat' dir='ltr'>cum</span> <span class='ocrx_word' id='word_1_68' title='bbox 829 1419 875 1489; x_wconf 90' lang='lat' dir='ltr'>de</span> <span class='ocrx_word' id='word_1_69' title='bbox 887 1434 1035 1489; x_wconf 86' lang='lat' dir='ltr'>retento</span> <span class='ocrx_word' id='word_1_70' title='bbox 1048 1444 1169 1492; x_wconf 93' lang='lat' dir='ltr'>mens·</span> 
     </span>
     <span class='ocr_line' id='line_1_11' title="bbox 158 1534 1169 1632; baseline 0.002 -25"><span class='ocrx_word' id='word_1_71' title='bbox 158 1534 245 1608; x_wconf 78' lang='lat' dir='ltr'>trud</span> <span class='ocrx_word' id='word_1_72' title='bbox 279 1537 460 1632; x_wconf 81' lang='lat' dir='ltr'>sanguine</span> <span class='ocrx_word' id='word_1_73' title='bbox 489 1561 557 1632; x_wconf 91' lang='lat' dir='ltr'>per</span> <span class='ocrx_word' id='word_1_74' title='bbox 585 1537 674 1608; x_wconf 84' lang='lat' dir='ltr'>alias</span> <span class='ocrx_word' id='word_1_75' title='bbox 704 1539 782 1607; x_wconf 85' lang='lat' dir='ltr'>vias</span> <span class='ocrx_word' id='word_1_76' title='bbox 810 1538 946 1607; x_wconf 89' lang='lat' dir='ltr'>emisso</span> <span class='ocrx_word' id='word_1_77' title='bbox 973 1536 1089 1607; x_wconf 86' lang='lat' dir='ltr'>verba</span> <span class='ocrx_word' id='word_1_78' title='bbox 1119 1535 1169 1609; x_wconf 84' lang='lat' dir='ltr'>fa·</span> 
     </span>
     <span class='ocr_line' id='line_1_12' title="bbox 160 1642 1167 1752; baseline 0 -28"><span class='ocrx_word' id='word_1_79' title='bbox 160 1656 278 1739; x_wconf 87' lang='lat' dir='ltr'>ciens,</span> <span class='ocrx_word' id='word_1_80' title='bbox 301 1652 354 1748; x_wconf 79' lang='lat'>(2)</span> <span class='ocrx_word' id='word_1_81' title='bbox 374 1653 476 1742; x_wconf 80' lang='lat' dir='ltr'>nidi,</span> <span class='ocrx_word' id='word_1_82' title='bbox 503 1655 645 1749; x_wconf 88' lang='lat' dir='ltr'>inquit,</span> <span class='ocrx_word' id='word_1_83' title='bbox 669 1654 885 1748; x_wconf 76' lang='lat' dir='ltr'>hujusmodi</span> <span class='ocrx_word' id='word_1_84' title='bbox 907 1642 1167 1752; x_wconf 75' lang='lat' dir='ltr'>hoernoptoen,</span> 
     </span>
     <span class='ocr_line' id='line_1_13' title="bbox 160 1771 1171 1869; baseline 0.001 -28"><span class='ocrx_word' id='word_1_85' title='bbox 160 1798 246 1869; x_wconf 67' lang='lat' dir='ltr'>quse</span> <span class='ocrx_word' id='word_1_86' title='bbox 272 1777 309 1840; x_wconf 86' lang='lat' dir='ltr'>in</span> <span class='ocrx_word' id='word_1_87' title='bbox 332 1771 633 1841; x_wconf 78' lang='lat' dir='ltr'>consuetudinem</span> <span class='ocrx_word' id='word_1_88' title='bbox 656 1772 818 1857; x_wconf 82' lang='lat' dir='ltr'>abierut,</span> <span class='ocrx_word' id='word_1_89' title='bbox 840 1786 882 1841; x_wconf 90' lang='lat' dir='ltr'>ut</span> <span class='ocrx_word' id='word_1_90' title='bbox 896 1771 1045 1867; x_wconf 77' lang='lat' dir='ltr'>sanguis</span> <span class='ocrx_word' id='word_1_91' title='bbox 1053 1775 1171 1869; x_wconf 83' lang='lat' dir='ltr'>flori-</span> 
     </span>
     <span class='ocr_line' id='line_1_14' title="bbox 162 1880 1171 1984; baseline 0 -25"><span class='ocrx_word' id='word_1_92' title='bbox 162 1889 232 1959; x_wconf 81' lang='lat' dir='ltr'>dus</span> <span class='ocrx_word' id='word_1_93' title='bbox 245 1880 599 1984; x_wconf 59' lang='lat' dir='ltr'>sr&#39;ngulr&#39;r&#39;mensr&#39;bus</span> <span class='ocrx_word' id='word_1_94' title='bbox 623 1890 762 1984; x_wconf 79' lang='lat' dir='ltr'>absque</span> <span class='ocrx_word' id='word_1_95' title='bbox 791 1889 1010 1959; x_wconf 76' lang='lat' dir='ltr'>detrimento</span> <span class='ocrx_word' id='word_1_96' title='bbox 1033 1896 1171 1959; x_wconf 76' lang='lat' dir='ltr'>sanita·</span> 
     </span>
     <span class='ocr_line' id='line_1_15' title="bbox 163 2005 1174 2092; baseline 0.003 -18"><span class='ocrx_word' id='word_1_97' title='bbox 163 2013 219 2092; x_wconf 82' lang='lat' dir='ltr'>tis,</span> <span class='ocrx_word' id='word_1_98' title='bbox 232 2031 313 2076; x_wconf 83' lang='lat' dir='ltr'>curn</span> <span class='ocrx_word' id='word_1_99' title='bbox 326 2005 396 2076; x_wconf 73' lang='lat' dir='ltr'>leot</span> <span class='ocrx_word' id='word_1_100' title='bbox 408 2005 583 2075; x_wconf 79' lang='lat' dir='ltr'>tussicula</span> <span class='ocrx_word' id='word_1_101' title='bbox 596 2021 843 2075; x_wconf 76' lang='lat' dir='ltr'>excrearetur.</span> <span class='ocrx_word' id='word_1_102' title='bbox 856 2007 947 2076; x_wconf 82' lang='lat' dir='ltr'>Vidi</span> <span class='ocrx_word' id='word_1_103' title='bbox 961 2009 1026 2077; x_wconf 79' lang='lat' dir='ltr'>ubi</span> <span class='ocrx_word' id='word_1_104' title='bbox 1034 2032 1174 2078; x_wconf 77' lang='lat' dir='ltr'>evome·</span> 
     </span>
     <span class='ocr_line' id='line_1_16' title="bbox 82 2122 1173 2223; baseline 0.002 -31"><span class='ocrx_word' id='word_1_105' title='bbox 82 2203 84 2207; x_wconf 18' lang='lat'>⁸</span> <span class='ocrx_word' id='word_1_106' title='bbox 153 2126 276 2193; x_wconf 67' lang='lat' dir='ltr'>,batur</span> <span class='ocrx_word' id='word_1_107' title='bbox 293 2128 443 2217; x_wconf 79' lang='lat' dir='ltr'>sanguis</span> <span class='ocrx_word' id='word_1_108' title='bbox 462 2150 471 2191; x_wconf 93' lang='grc'>.·</span> <span class='ocrx_word' id='word_1_109' title='bbox 495 2123 569 2192; x_wconf 67' lang='lat' dir='ltr'>vida·</span> <span class='ocrx_word' id='word_1_110' title='bbox 585 2148 658 2220; x_wconf 83' lang='lat' dir='ltr'>per</span> <span class='ocrx_word' id='word_1_111' title='bbox 672 2122 795 2194; x_wconf 74' lang='lat' dir='ltr'>alnum</span> <span class='ocrx_word' id='word_1_112' title='bbox 816 2124 955 2221; x_wconf 79' lang='lat' dir='ltr'>deponi</span> <span class='ocrx_word' id='word_1_113' title='bbox 980 2141 1017 2193; x_wconf 88' lang='lat' dir='ltr'>et</span> <span class='ocrx_word' id='word_1_114' title='bbox 1021 2150 1098 2223; x_wconf 86' lang='lat' dir='ltr'>per</span> <span class='ocrx_word' id='word_1_115' title='bbox 1114 2151 1173 2194; x_wconf 87' lang='lat' dir='ltr'>su·</span> 
     </span>
     <span class='ocr_line' id='line_1_17' title="bbox 162 2221 1171 2338; baseline 0.004 -30"><span class='ocrx_word' id='word_1_116' title='bbox 162 2221 301 2310; x_wconf 78' lang='lat' dir='ltr'>dorem.</span> <span class='ocrx_word' id='word_1_117' title='bbox 331 2237 469 2310; x_wconf 84' lang='lat' dir='ltr'>Confer</span> <span class='ocrx_word' id='word_1_118' title='bbox 494 2241 648 2337; x_wconf 86' lang='lat' dir='ltr'>insuper</span> <span class='ocrx_word' id='word_1_119' title='bbox 668 2242 837 2338; x_wconf 83' lang='lat' dir='ltr'>exempla</span> <span class='ocrx_word' id='word_1_120' title='bbox 855 2242 942 2328; x_wconf 86' lang='lat' dir='ltr'>alia,</span> <span class='ocrx_word' id='word_1_121' title='bbox 962 2267 1043 2338; x_wconf 88' lang='lat' dir='ltr'>quae</span> <span class='ocrx_word' id='word_1_122' title='bbox 1072 2241 1171 2312; x_wconf 90' lang='lat' dir='ltr'>bene</span> 
     </span>
     <span class='ocr_line' id='line_1_18' title="bbox 162 2357 1173 2454; baseline 0.002 -28"><span class='ocrx_word' id='word_1_123' title='bbox 162 2358 280 2428; x_wconf 84' lang='lat' dir='ltr'>multa</span> <span class='ocrx_word' id='word_1_124' title='bbox 297 2357 400 2428; x_wconf 90' lang='lat' dir='ltr'>addit</span> <span class='ocrx_word' id='word_1_125' title='bbox 417 2357 464 2427; x_wconf 90' lang='lat' dir='ltr'>ad</span> <span class='ocrx_word' id='word_1_126' title='bbox 485 2359 631 2454; x_wconf 85' lang='lat' dir='ltr'>singula</span> <span class='ocrx_word' id='word_1_127' title='bbox 658 2359 726 2429; x_wconf 88' lang='lat' dir='ltr'>ista</span> <span class='ocrx_word' id='word_1_128' title='bbox 749 2358 1024 2429; x_wconf 88' lang='lat' dir='ltr'>eruditissimus</span> <span class='ocrx_word' id='word_1_129' title='bbox 1046 2359 1173 2429; x_wconf 89' lang='lat' dir='ltr'>Halle·</span> 
     </span>
     <span class='ocr_line' id='line_1_19' title="bbox 163 2474 1174 2573; baseline 0.003 -29"><span class='ocrx_word' id='word_1_130' title='bbox 163 2500 228 2546; x_wconf 91' lang='lat' dir='ltr'>rus</span> <span class='ocrx_word' id='word_1_131' title='bbox 239 2475 291 2570; x_wconf 75' lang='lat'>(3)</span> <span class='ocrx_word' id='word_1_132' title='bbox 305 2502 312 2544; x_wconf 78' lang='grc' dir='ltr'><em>τ</em></span> <span class='ocrx_word' id='word_1_133' title='bbox 328 2491 364 2545; x_wconf 90' lang='lat' dir='ltr'>et</span> <span class='ocrx_word' id='word_1_134' title='bbox 383 2477 422 2544; x_wconf 92' lang='lat' dir='ltr'>in</span> <span class='ocrx_word' id='word_1_135' title='bbox 442 2500 685 2573; x_wconf 90' lang='lat' dir='ltr'>quocumque</span> <span class='ocrx_word' id='word_1_136' title='bbox 700 2478 861 2547; x_wconf 91' lang='lat' dir='ltr'>inventis</span> <span class='ocrx_word' id='word_1_137' title='bbox 883 2476 922 2547; x_wconf 89' lang='lat' dir='ltr'>id</span> <span class='ocrx_word' id='word_1_138' title='bbox 937 2474 1076 2560; x_wconf 84' lang='lat' dir='ltr'>factum</span> <span class='ocrx_word' id='word_1_139' title='bbox 1093 2478 1174 2547; x_wconf 84' lang='lat' dir='ltr'>abs·</span> 
     </span>
     <span class='ocr_line' id='line_1_20' title="bbox 164 2586 1173 2690; baseline 0.003 -27"><span class='ocrx_word' id='word_1_140' title='bbox 164 2618 235 2690; x_wconf 85' lang='lat' dir='ltr'>que</span> <span class='ocrx_word' id='word_1_141' title='bbox 258 2593 476 2663; x_wconf 80' lang='lat' dir='ltr'>detrimento</span> <span class='ocrx_word' id='word_1_142' title='bbox 501 2586 695 2681; x_wconf 61' lang='lat' dir='ltr'>trinitans,</span> <span class='ocrx_word' id='word_1_143' title='bbox 718 2594 860 2690; x_wconf 86' lang='lat' dir='ltr'>absque</span> <span class='ocrx_word' id='word_1_144' title='bbox 894 2594 1173 2677; x_wconf 79' lang='lat' dir='ltr'>exulceratione</span> 
     </span>
     <span class='ocr_line' id='line_1_21' title="bbox 164 2709 1174 2825; baseline -0.001 -43"><span class='ocrx_word' id='word_1_145' title='bbox 164 2712 303 2808; x_wconf 88' lang='lat' dir='ltr'>pariter</span> <span class='ocrx_word' id='word_1_146' title='bbox 320 2709 458 2817; x_wconf 85' lang='lat' dir='ltr'>factum</span> <span class='ocrx_word' id='word_1_147' title='bbox 473 2712 616 2825; x_wconf 55' lang='lat' dir='ltr'>credipn</span> <span class='ocrx_word' id='word_1_148' title='bbox 636 2738 715 2782; x_wconf 89' lang='lat' dir='ltr'>non</span> <span class='ocrx_word' id='word_1_149' title='bbox 735 2737 840 2785; x_wconf 91' lang='lat' dir='ltr'>secus</span> <span class='ocrx_word' id='word_1_150' title='bbox 860 2727 972 2809; x_wconf 89' lang='lat' dir='ltr'>atque</span> <span class='ocrx_word' id='word_1_151' title='bbox 999 2736 1087 2782; x_wconf 91' lang='lat' dir='ltr'>cum</span> <span class='ocrx_word' id='word_1_152' title='bbox 1106 2737 1174 2810; x_wconf 92' lang='lat' dir='ltr'>per</span> 
     </span>
     <span class='ocr_line' id='line_1_22' title="bbox 166 2828 1173 2928; baseline 0 -28"><span class='ocrx_word' id='word_1_153' title='bbox 166 2829 342 2900; x_wconf 88' lang='lat' dir='ltr'>sudorem</span> <span class='ocrx_word' id='word_1_154' title='bbox 362 2831 511 2928; x_wconf 85' lang='lat' dir='ltr'>sanguis</span> <span class='ocrx_word' id='word_1_155' title='bbox 525 2828 667 2918; x_wconf 88' lang='lat' dir='ltr'>exibat,</span> <span class='ocrx_word' id='word_1_156' title='bbox 682 2845 806 2900; x_wconf 89' lang='lat' dir='ltr'>cutem</span> <span class='ocrx_word' id='word_1_157' title='bbox 822 2829 876 2900; x_wconf 88' lang='lat' dir='ltr'>ibi</span> <span class='ocrx_word' id='word_1_158' title='bbox 892 2831 1173 2927; x_wconf 84' lang='lat' dir='ltr'>integerrimam</span> 
     </span>
     <span class='ocr_line' id='line_1_23' title="bbox 164 2933 1174 3046; baseline 0.002 -32"><span class='ocrx_word' id='word_1_159' title='bbox 164 2949 311 3017; x_wconf 88' lang='lat' dir='ltr'>visurus</span> <span class='ocrx_word' id='word_1_160' title='bbox 330 2944 479 3034; x_wconf 87' lang='lat' dir='ltr'>fuisses,</span> <span class='ocrx_word' id='word_1_161' title='bbox 492 2973 616 3044; x_wconf 91' lang='lat' dir='ltr'>neque</span> <span class='ocrx_word' id='word_1_162' title='bbox 632 2948 734 3017; x_wconf 86' lang='lat' dir='ltr'>aliud</span> <span class='ocrx_word' id='word_1_163' title='bbox 745 2949 784 3016; x_wconf 90' lang='lat' dir='ltr'>in</span> <span class='ocrx_word' id='word_1_164' title='bbox 800 2946 871 3018; x_wconf 87' lang='lat' dir='ltr'>hac</span> <span class='ocrx_word' id='word_1_165' title='bbox 886 2933 1049 3035; x_wconf 80' lang='lat' dir='ltr'>detersa,</span> <span class='ocrx_word' id='word_1_166' title='bbox 1061 2972 1174 3046; x_wconf 83' lang='lat' dir='ltr'>quam</span> 
     </span>
     <span class='ocr_line' id='line_1_24' title="bbox 167 3064 1176 3163; baseline 0.001 -30"><span class='ocrx_word' id='word_1_167' title='bbox 167 3072 362 3133; x_wconf 78' lang='lat' dir='ltr'>innumera</span> <span class='ocrx_word' id='word_1_168' title='bbox 384 3064 452 3134; x_wconf 84' lang='lat' dir='ltr'>illa</span> <span class='ocrx_word' id='word_1_169' title='bbox 470 3071 659 3159; x_wconf 79' lang='lat' dir='ltr'>sanguinis</span> <span class='ocrx_word' id='word_1_170' title='bbox 673 3064 859 3162; x_wconf 80' lang='lat' dir='ltr'>punctulo</span> <span class='ocrx_word' id='word_1_171' title='bbox 875 3092 955 3163; x_wconf 85' lang='lat' dir='ltr'>quae</span> <span class='ocrx_word' id='word_1_172' title='bbox 971 3066 1011 3134; x_wconf 91' lang='lat' dir='ltr'>in</span> <span class='ocrx_word' id='word_1_173' title='bbox 1030 3065 1176 3136; x_wconf 88' lang='lat' dir='ltr'>detersa</span> 
     </span>
     <span class='ocr_line' id='line_1_25' title="bbox 165 3182 1174 3280; baseline 0.002 -30"><span class='ocrx_word' id='word_1_174' title='bbox 165 3182 365 3252; x_wconf 84' lang='lat' dir='ltr'>ventriculi</span> <span class='ocrx_word' id='word_1_175' title='bbox 377 3183 557 3252; x_wconf 90' lang='lat' dir='ltr'>interiore</span> <span class='ocrx_word' id='word_1_176' title='bbox 575 3183 702 3252; x_wconf 89' lang='lat' dir='ltr'>tunica</span> <span class='ocrx_word' id='word_1_177' title='bbox 721 3185 916 3280; x_wconf 89' lang='lat' dir='ltr'>conspexit</span> <span class='ocrx_word' id='word_1_178' title='bbox 931 3183 1174 3263; x_wconf 87' lang='lat' dir='ltr'>Whartonus.</span> 
     </span>
     <span class='ocr_line' id='line_1_26' title="bbox 164 3297 1175 3388; baseline 0.004 -22"><span class='ocrx_word' id='word_1_179' title='bbox 164 3297 340 3368; x_wconf 87' lang='lat' dir='ltr'>Transfer</span> <span class='ocrx_word' id='word_1_180' title='bbox 358 3298 436 3367; x_wconf 83' lang='lat' dir='ltr'>haec</span> <span class='ocrx_word' id='word_1_181' title='bbox 460 3323 480 3367; x_wconf 85' lang='lat' dir='ltr'>a</span> <span class='ocrx_word' id='word_1_182' title='bbox 502 3301 713 3380; x_wconf 86' lang='lat' dir='ltr'>ventriculo</span> <span class='ocrx_word' id='word_1_183' title='bbox 742 3301 787 3371; x_wconf 87' lang='lat' dir='ltr'>ad</span> <span class='ocrx_word' id='word_1_184' title='bbox 813 3303 1013 3388; x_wconf 82' lang='lat' dir='ltr'>intestina,</span> <span class='ocrx_word' id='word_1_185' title='bbox 1040 3316 1077 3371; x_wconf 91' lang='lat' dir='ltr'>et</span> <span class='ocrx_word' id='word_1_186' title='bbox 1097 3303 1175 3372; x_wconf 89' lang='lat' dir='ltr'>sine</span> 
     </span>
     <span class='ocr_line' id='line_1_27' title="bbox 165 3415 1176 3516; baseline 0.002 -32"><span class='ocrx_word' id='word_1_187' title='bbox 165 3415 304 3486; x_wconf 89' lang='lat' dir='ltr'>horum</span> <span class='ocrx_word' id='word_1_188' title='bbox 328 3416 630 3506; x_wconf 85' lang='lat' dir='ltr'>exulceratione,</span> <span class='ocrx_word' id='word_1_189' title='bbox 656 3420 848 3516; x_wconf 85' lang='lat' dir='ltr'>sanguinis</span> <span class='ocrx_word' id='word_1_190' title='bbox 873 3418 1015 3490; x_wconf 88' lang='lat' dir='ltr'>fluxum</span> <span class='ocrx_word' id='word_1_191' title='bbox 1042 3418 1176 3489; x_wconf 84' lang='lat' dir='ltr'>intelli-</span> 
     </span>
    </p>
   </div>
   <div class='ocr_carea' id='block_1_3' title="bbox 161 3602 241 3612">
    <p class='ocr_par' dir='ltr' id='par_1_3' title="bbox 161 3602 241 3612">
     <span class='ocr_line' id='line_1_28' title="bbox 161 3602 241 3612; baseline -0.025 0"><span class='ocrx_word' id='word_1_192' title='bbox 161 3602 241 3612; x_wconf 56' lang='grc' dir='ltr'><strong>μη--ο</strong></span> 
     </span>
    </p>
   </div>
   <div class='ocr_carea' id='block_1_4' title="bbox 211 3702 915 3957">
    <p class='ocr_par' dir='ltr' id='par_1_4' title="bbox 211 3702 915 3946">
     <span class='ocr_line' id='line_1_29' title="bbox 211 3702 915 3778; baseline 0.01 -23.113"><span class='ocrx_word' id='word_1_193' title='bbox 211 3702 249 3777; x_wconf 56' lang='grc' dir='ltr'><strong><em>ἡ</em></strong></span> <span class='ocrx_word' id='word_1_194' title='bbox 270 3702 555 3758; x_wconf 72' lang='lat' dir='ltr'>Praenct.adinun.</span> <span class='ocrx_word' id='word_1_195' title='bbox 571 3704 754 3778; x_wconf 82' lang='lat'>§707,775,</span> <span class='ocrx_word' id='word_1_196' title='bbox 771 3707 915 3778; x_wconf 68' lang='lat' dir='ltr'>814,em.</span> 
     </span>
     <span class='ocr_line' id='line_1_30' title="bbox 222 3802 434 3878; baseline 0.039 -27.696"><span class='ocrx_word' id='word_1_197' title='bbox 222 3802 434 3878; x_wconf 54' lang='lat' dir='ltr'>2Md5ffi.</span> 
     </span>
     <span class='ocr_line' id='line_1_31' title="bbox 219 3903 249 3957; baseline 0 -11"><span class='ocrx_word' id='word_1_198' title='bbox 219 3903 249 3957; x_wconf 50' lang='lat'>35</span> 
     </span>
    </p>
   </div>
   <div class='ocr_carea' id='block_1_5' title="bbox 271 3903 654 3976">
    <p class='ocr_par' dir='ltr' id='par_1_5' title="bbox 271 3903 654 3976">
     <span class='ocr_line' id='line_1_32' title="bbox 271 3903 654 3976; baseline 0.013 -20"><span class='ocrx_word' id='word_1_199' title='bbox 271 3903 654 3976; x_wconf 59' lang='lat' dir='ltr'>hmwffl.mm§.</span> 
     </span>
    </p>
   </div>
   <div class='ocr_carea' id='block_1_6' title="bbox 205 3712 246 3978">
    <p class='ocr_par' dir='ltr' id='par_1_6' title="bbox 205 3712 218 3977">
     <span class='ocr_line' id='line_1_33' title="bbox 206 3712 216 3774; baseline 0 0"><span class='ocrx_word' id='word_1_200' title='bbox 206 3712 216 3774; x_wconf 77' lang='lat' dir='ltr'>i</span> 
     </span>
     <span class='ocr_line' id='line_1_34' title="bbox 206 3802 237 3877; baseline 0 0"><span class='ocrx_word' id='word_1_201' title='bbox 206 3802 237 3877; x_wconf 80' lang='lat'>(2</span> 
     </span>
     <span class='ocr_line' id='line_1_35' title="bbox 205 3903 246 3978; baseline 0 -1"><span class='ocrx_word' id='word_1_202' title='bbox 205 3903 246 3978; x_wconf 77' lang='grc'>(3</span> 
     </span>
    </p>
   </div>
   <div class='ocr_carea' id='block_1_7' title="bbox 0 0 1351 4508">
    <p class='ocr_par' dir='ltr' id='par_1_7' title="bbox 0 0 1351 4508">
     <span class='ocr_line' id='line_1_36' title="bbox 0 0 1351 4508; baseline 0 0"><span class='ocrx_word' id='word_1_203' title='bbox 0 0 1351 4508; x_wconf 95' lang='lat' dir='ltr'> </span> 
     </span>
    </p>
   </div>
  </div>
 </body>
</html>
