2580 4514
136 383 203 429 nra.
225 381 282 428 ut.
310 382 356 428 nu
375 370 516 428 'monus
533 377 706 442 vaurms,
730 380 840 427 nrrsr.
868 380 973 426 xxxv.
1003 355 1068 427 331

111 521 128 566 e
147 495 345 566 oculorum
363 490 556 564 affectibus
574 494 628 589 (ι)
643 493 861 565 scriberem.
877 499 959 564 Haec
973 497 1076 565 enim

111 612 225 683 nioula
244 611 307 682 illa
327 625 383 682 est
410 611 518 706 cujus
545 611 645 682 oculi
671 611 867 700 duntaxat,
896 610 1077 709 quemad·

111 728 234 800 rodum
250 752 289 801 se
308 726 511 815 haberent,
534 753 579 801 eo
598 728 683 800 loco
705 730 907 850 proposui;
929 729 1075 826 reliqua

111 845 246 917 nulium
264 844 402 916 distuli.

137 987 184 1034 m
203 966 308 1037 Anus
318 960 546 1060 paupercula
560 1015 570 1050 ,
583 962 702 1034 oculis
719 977 846 1060 capta,
862 986 978 1059 parvo
995 985 1074 1033 cor-

111 1103 172 1152 tore
191 1095 229 1155 et
244 1079 349 1168 exili,
365 1081 510 1152 atertio
523 1081 599 1177 jam
615 1080 676 1151 die
691 1096 891 1179 aegrotans,
913 1080 953 1150 in
974 1083 1075 1152 Pata·

111 1198 206 1269 u‘num
235 1197 496 1269 nosocomium
527 1197 627 1268 illata
664 1213 745 1282 est,
762 1198 882 1294 'quasi
911 1197 1074 1269 thoracis

111 1312 369 1386 allammatione
383 1329 584 1387 teneretur.
603 1317 697 1386 Nam
719 1339 763 1385 ex
779 1316 858 1411 ipsa
871 1313 966 1384 nihil
981 1313 1074 1384 certi

111 1429 164 1503 tici
181 1448 346 1531 poterat,
365 1446 497 1532 utpote
514 1457 598 1529 quae
611 1432 752 1504 viribus
769 1448 848 1504 erat
862 1447 936 1503 tam
954 1431 1091 1527 dejec-

111 1547 472 1647 is,pulsibusaute1u
492 1548 652 1621 infirmis
674 1550 768 1621 adeo
793 1566 830 1620 et
853 1550 1013 1647 exiguis,
1031 1561 1074 1619 ut

111 1665 211 1738 odem
228 1667 386 1764 illoque
406 1667 506 1738 illata
520 1683 594 1754 est,
613 1667 673 1747 die
695 1683 844 1738 mortua
863 1664 1069 1749 efferretur.

111 1783 242 1878 ltdarer
259 1785 352 1855 anni
364 1798 534 1882 tempore
552 1799 792 1882 opportuno,
807 1783 980 1856 videlicet
1001 1782 1071 1855 sub

111 1900 223 1973 uitium
238 1904 331 1975 anni
347 1908 450 1998 1742,
466 1902 592 1974 utilius
609 1899 677 1972 fuit
691 1927 804 1998 quam
822 1927 843 1972 a
858 1901 980 1998 primo
994 1924 1074 1999 spe-

111 2037 231 2107 assem,
248 2019 295 2090 ad
314 2020 422 2118 plura
434 2019 609 2092 studiosis
625 2018 924 2092 adolescentibus
943 2033 1071 2090 osten-

111 2127 208 2207 lenda.
221 2138 335 2228 Quod
347 2137 438 2208 dum
449 2161 614 2235 agerem,
624 2138 663 2206 in
676 2135 754 2207 baec
765 2162 848 2233 quae
860 2134 1071 2223 adnotabo,

111 2250 250 2326 ramosa
271 2255 396 2327 incidi.
414 2259 459 2325 In
477 2269 607 2326 ventre
622 2254 797 2325 intestina
811 2267 919 2325 erant
932 2251 1072 2324 inflam-

111 2362 195 2460 ma,
211 2387 253 2443 ut
274 2372 382 2469 jecur
400 2397 566 2469 quoque.
591 2370 731 2442 Eodem
760 2370 939 2443 attinebat
966 2369 1072 2467 quod

111 2476 187 2558 tero·
198 2504 350 2586 aperto,
374 2487 483 2560 fundi
508 2489 665 2561 interior
690 2487 800 2561 facies
825 2488 952 2559 colore
975 2502 1072 2560 esset

111 2609 292 2680 eominus
309 2606 541 2693 rubicundo,
558 2631 669 2702 quam
688 2607 719 2677 si
738 2630 858 2704 nuper
871 2603 1007 2676 femina
1030 2607 1070 2677 in

111 2726 274 2798 -enstruis
290 2723 426 2798 fuisset.
447 2726 529 2814 Qua
553 2739 679 2795 autem
699 2721 839 2796 fundus
862 2746 900 2794 se
919 2736 1070 2793 contra-

111 2837 186 2912 stat
206 2843 245 2913 in
270 2842 479 2929 cervicem,
499 2839 685 2938 faciesque
706 2843 883 2922 internae,
906 2839 1073 2909 anterior

130 2960 330 3055 posterior,
349 2958 396 3029 ad
415 2957 594 3056 angulum
613 2960 653 3028 in
674 2958 787 3029 latere
806 2957 961 3030 dextero
975 2980 1071 3032 ,con-

111 3056 287 3162 mebant,
304 3075 351 3148 ab
365 3077 447 3174 ipso
459 3075 598 3174 angulo
611 3074 869 3147 membranula
882 3071 1070 3171 profecta,

111 3211 151 3261 sn
167 3193 344 3280 minima,
367 3194 405 3263 in
433 3207 687 3295 transversum
708 3191 916 3264 ducebatur
941 3190 988 3262 ad
1016 3189 1070 3262 fa·

111 3332 165 3379 rm
182 3313 452 3408 posteriorem,
469 3310 587 3382 limbo
602 3325 683 3382 toto
700 3307 876 3383 inferiore
890 3334 977 3380 cum
998 3308 1076 3383 hacv

111 3424 280 3517 maerens,
299 3443 429 3501 caetera
443 3429 564 3500 soluta
579 3443 691 3526 atque
706 3445 857 3517 extans,
877 3443 919 3500 ut
938 3442 1069 3500 contra

111 3545 278 3616 :valvulae
292 3547 452 3618 cervicis
469 3547 614 3635 solent,
633 3571 765 3619 cavum
793 3570 963 3636 sursum,
989 3570 1069 3618 nou

111 3896 149 3977 ft).
169 3899 263 3976 Epist.
282 3901 335 3971 13,
353 3921 382 3958 n.
402 3922 448 3973 17.
