2580 4514
135 363 209 437 660
303 380 521 430 pessumus
546 380 590 428 ur
614 378 738 457 censis
764 382 990 432 moruorum

133 482 260 592 aliquo
278 492 489 565 interclusis
517 491 734 590 hydatides,
767 494 982 568 bisantem
1007 496 1132 595 ruptis,

133 610 302 709 hydrops
335 609 529 708 peritonaei
564 608 786 697 oboriatur;
824 615 1020 684 continuo
1057 613 1134 684 illud

134 753 289 826 quoquc
306 727 440 823 adjecit
455 781 463 803 ,
482 748 560 795 esse
572 725 1135 828 illiusinterclusionispericulo

133 842 333 916 helluones
353 843 542 941 speciatim
564 840 768 929 obnoxios,
798 862 835 914 et
862 847 1050 918 mulieres
1071 861 1136 918 ute·

133 986 217 1034 rum
239 961 409 1033 ferentes.
430 962 608 1056 Utrisque
630 960 728 1030 euim
749 959 840 1031 hinc
863 964 1068 1036 musculos
1086 964 1139 1035 ab·

134 1077 299 1152 tlominis
332 1093 466 1176 prerter
497 1076 653 1148 niodum
683 1086 859 1149 extensos
893 1083 1035 1164 reniti,
1065 1081 1140 1154 inde

134 1222 225 1269 vero
252 1211 315 1267 aut
343 1196 592 1266 ventriculum
618 1209 654 1265 et
677 1195 876 1283 intestina,
904 1214 975 1269 aut
1005 1214 1140 1270 uterum

136 1339 202 1389 sua
222 1313 673 1412 pleniuulincextrorsum
693 1335 849 1409 urgere,
868 1329 914 1385 ut
933 1317 1142 1413 interceptis

137 1436 236 1505 iuter
256 1432 354 1503 hauc
372 1433 602 1529 pressionem
618 1445 654 1500 et
667 1428 772 1498 illum
785 1431 971 1502 renixum
984 1432 1141 1531 lympha·

136 1550 219 1622 ticis
232 1548 406 1630 vasculis,
424 1546 589 1644 proclive
604 1545 649 1616 sit
668 1542 779 1616 nobis
799 1546 1025 1647 intelligere
1035 1550 1141 1648 prori-

138 1689 221 1737 mos
240 1665 385 1761 aliquos
404 1665 572 1761 ipsorum
597 1660 768 1732 surculos
785 1663 985 1736 retardata
1004 1666 1141 1764 lympha

139 1779 303 1854 distendi
326 1778 531 1876 aliquando
547 1777 641 1849 adeo
659 1801 790 1874 posse,
821 1793 860 1849 ut
887 1779 1088 1855 dissiliant.
1108 1787 1143 1854 Et

140 1921 228 1971 saue
248 1899 287 1967 in
307 1895 480 1994 pluribus
499 1921 542 1966 ex
560 1893 717 1965 laudatis
743 1894 1087 1971 observationibus
1105 1899 1142 1970 le·

140 2015 263 2114 gimus
279 2012 455 2085 accidisse
483 2037 568 2083 eum
594 2010 803 2108 hydropem
826 2017 1091 2114 complurium
1107 2017 1144 2087 li·

140 2129 320 2205 berorum
353 2129 557 2218 matribus,
589 2131 665 2198 imo
693 2129 890 2201 nonnullis
922 2135 1044 2230 paulo
1074 2148 1145 2233 post

142 2248 336 2334 abortum,
354 2248 414 2319 vel
433 2261 581 2344 partum
607 2243 820 2333 difficilem,
840 2263 883 2319 ut
913 2252 956 2319 in
979 2251 1143 2348 obserua-

142 2368 246 2439 tione
262 2365 417 2437 Kniselii
433 2365 507 2461 (ι),
525 2365 616 2461 quin
636 2366 746 2435 etiam
766 2366 892 2435 statim
911 2385 980 2441 aut
996 2369 1076 2444 fere
1089 2385 1144 2443 stu·

143 2486 211 2556 tim
230 2509 249 2553 a
266 2497 395 2580 partu,
417 2482 513 2552 utin
534 2480 881 2569 observationibus,
899 2488 931 2557 si
955 2488 1071 2584 plane
1084 2489 1146 2560 atti·

143 2626 234 2674 nere
264 2597 340 2670 huc
369 2596 516 2684 credas,
543 2596 724 2666 Dodouni
742 2606 794 2686 (α)
820 2615 858 2670 et
887 2602 1147 2701 Chomeliil3).

143 2721 286 2790 Verum
309 2731 350 2786 ut
372 2714 616 2812 gestationem
635 2715 733 2785 uteri
759 2716 861 2786 iuter
880 2717 1005 2816 hujus
1024 2723 1147 2821 hydro·

144 2836 202 2934 pis
229 2857 357 2905 causus
384 2830 490 2901 facile
519 2830 772 2917 admirtnnns3
795 2833 848 2904 sic
869 2851 1005 2910 tumen
1026 2841 1148 2913 intelli·

144 2977 231 3051 gere
247 2950 346 3022 haud
367 2972 589 3045 possumus,
611 2973 679 3018 rur
697 2947 758 3022 hic
779 2951 943 3026 morbus
964 2959 1027 3028 vix
1048 2957 1149 3031 semel

146 3070 187 3140 in
207 3069 286 3138 aliis
311 3091 422 3163 quam
449 3066 486 3133 in
514 3063 664 3135 feminis
691 3066 737 3137 sit
761 3066 1001 3153 obseruatus.
1029 3079 1150 3173 Neque

147 3186 247 3258 enim
262 3209 311 3253 ene
326 3206 457 3252 onmes
474 3180 632 3278 graviclae
651 3179 815 3269 luerunt,
836 3200 875 3256 et
896 3192 1042 3264 sterilis
1062 3207 1148 3264 certe

144 3298 207 3370 illa
223 3312 302 3368 erat
321 3297 367 3367 de
383 3322 458 3393 qua
476 3302 502 3366 F
506 3301 734 3369 urstenavius
742 3298 818 3395 (4);
838 3301 920 3372 imo
934 3331 1017 3379 non
1035 3331 1149 3408 paucae

141 3489 1150 3518 mmm
