2580 4514
104 118 173 166 am.
192 117 249 165 111.
269 116 316 164 na
332 114 468 164 atomus
487 113 657 178 vaurms,
674 113 786 162 amsa.
806 115 958 162 xxxvun
986 89 1061 188 669

56 226 378 315 fontibus‚minus
388 225 605 300 admiranda
615 224 761 298 accidet
773 228 946 302 immanis
955 246 1062 326 a'quae

57 347 168 446 copia
196 372 278 444 quac
305 348 344 416 in
371 346 564 444 peritonaei
586 343 793 441 hydropea
812 343 984 441 pluribus
1001 369 1062 416 re-

59 479 167 564 perta
182 479 237 536 est
256 491 264 533 ε
286 465 394 560 cnjus
411 462 472 533 hic
490 462 687 532 maximam
706 485 890 532 summam
911 487 989 533 non
1004 462 1063 533 in-

56 579 243 669 dicamus,
269 582 378 652 veriti
395 603 442 649 ne
467 578 543 648 aliae
561 577 660 675 apud
683 578 772 649 alias
800 593 929 676 gentes
954 603 1062 650 men-

56 722 170 784 suroe,
189 699 228 768 in
248 722 416 770 errorem
435 695 598 793 aliquem
615 720 685 767 nos
702 694 904 767 adducant.

109 819 347 912 Organorum
359 827 483 884 autem
495 813 770 883 secerneutium
783 814 907 900 variae,
919 814 1065 912 quippe

57 929 280 1005 affectorum
301 945 435 1027 praeter
456 942 652 1017 naturam4
669 927 951 1028 dispositiones,
974 954 1064 1001 cum

57 1050 162 1121 varia
181 1049 374 1147 sanguinis
405 1048 673 1119 constitutione
700 1047 925 1144 conjunctae,
947 1046 1066 1123 admi-

58 1167 244 1238 rationem
260 1167 452 1251 minuent‚
472 1164 501 1235 si
521 1188 591 1262 pro
606 1162 763 1261 limpido
787 1177 824 1234 et
839 1161 956 1235 fluido
979 1189 1063 1237 sero
1130 1250 1132 1254 Α

61 1283 177 1356 alium
195 1285 235 1353 in
252 1283 333 1354 aliis
350 1281 551 1352 humorem
574 1305 667 1378 sape
696 1279 757 1352 hic
783 1279 1062 1379 deprehensum

59 1400 250 1499 legemus,
270 1401 346 1470 imo
364 1400 403 1470 in
420 1397 632 1484 nonnullis,
653 1413 728 1469 uta
748 1396 965 1497 Gahrliepio
983 1399 1024 1493 (1
1046 1399 1062 1496 )

62 1532 101 1590 et
118 1518 331 1589 Camerario
352 1515 431 1586 filio
445 1515 522 1612 (a),
537 1513 716 1612 galatinoe
729 1516 862 1602 instar,
880 1531 942 1586 aut
954 1515 1063 1614 gluti·

63 1634 146 1706 nis:
167 1650 231 1706 aut
248 1635 333 1704 siin
350 1633 429 1706 aliis
445 1634 571 1705 minus
587 1657 769 1730 pravum,
785 1634 824 1704 in
839 1634 919 1704 aliis
936 1650 1064 1708 autem

65 1753 233 1851 pessimae
251 1768 390 1823 natura
409 1749 630 1838 humorem,
648 1750 842 1822 ichorcsve
860 1749 906 1822 ad
920 1753 1066 1824 exulcc-

63 1867 242 1954 randum,
259 1884 371 1965 atque
392 1867 486 1938 adeo
504 1867 550 1937 ad
570 1881 692 1962 partes
704 1867 802 1963 ipsas
815 1865 1071 1941 absumendas

61 1985 266 2071 idoneum,
287 1987 316 2055 si
333 1966 486 2081 quidem
507 2004 636 2054 revera
654 1986 692 2051 in
713 1981 879 2052 Acholzii
893 1983 947 2079 (3)
958 1982 1067 2085 kmi·

64 2100 225 2175 nonulli
242 2097 356 2172 ferme
374 2115 481 2171 erant
500 2098 659 2196 amplius
668 2098 880 2172 abdominis
891 2102 1065 2190 musculi,

62 2243 135 2291 nec
156 2219 281 2317 potius
302 2219 341 2288 in
361 2218 471 2290 aliam
492 2219 598 2314 quasi
619 2216 776 2288 formam
801 2219 987 2306 conversi,
1002 2233 1068 2290 aut

64 2336 206 2421 macie,
223 2351 265 2406 ut
284 2334 384 2432 apud
401 2334 588 2406 Nuckinm
603 2336 674 2429 (4),
693 2350 756 2406 aut
772 2336 887 2405 nimia
900 2336 976 2433 ipsa
992 2335 1067 2408 dis·

64 2454 254 2540 tentione,
281 2469 321 2524 ut
340 2453 440 2550 apud
464 2453 719 2550 Gahrliepium
741 2451 812 2549 (5)
835 2468 936 2526 etex
961 2469 1067 2551 parte

65 2570 169 2670 apud
185 2573 357 2642 Littrium
373 2571 428 2669 (6)
444 2570 613 2656 videtur,
630 2573 828 2643 extenuati.

120 2687 176 2759 58.
205 2689 261 2760 Ad
281 2689 359 2759 hacc
379 2714 459 2785 quae
481 2689 579 2759 circa
598 2686 710 2782 hujus
734 2686 858 2758 morbi
881 2711 1009 2760 causas
1032 2702 1070 2760 et

66 2820 240 2878 naturam
265 2806 402 2876 cursim
427 2807 636 2902 attigimus,
661 2820 808 2901 praestat
832 2804 1001 2902 quaedam
1021 2805 1076 2877 de·

67 2924 183 3018 signis
215 2921 364 2994 addere.
392 2921 449 2992 Ab
476 2924 588 2993 ascite
617 2946 685 3018 per
711 2921 788 2992 hacc
817 2925 1068 2995 internosces:

69 3040 234 3138 primum
260 3042 345 3137 quia
377 3040 497 3110 multo
521 3039 658 3110 lentius
686 3064 798 3136 quam
824 3041 910 3129 illa,
939 3042 1071 3139 primis

127 3361 155 3435 1)
176 3360 233 3416 Cir.
250 3361 332 3416 adn.
348 3359 395 3418 50.

146 3459 226 3534 )nd
247 3480 277 3513 n.
302 3459 348 3525 54.

143 3554 153 3634 )
175 3559 223 3613 Ad
243 3577 272 3613 n.
296 3566 343 3629 47.

111 3359 122 3436 (

112 3456 144 3520 (a

111 3554 140 3635 (3

114 3655 160 3736 (i)
178 3653 222 3737 (5)
245 3654 287 3736 (6)
308 3656 355 3715 Ad
375 3677 405 3758 n
428 3656 476 3715 50.
