2580 4514
88 390 91 399 ‘
112 395 179 440 mr.
200 393 254 439 111.
274 391 786 453 nanouersvnurms,rr1sr.
807 392 957 441 xxxvui.
985 368 1056 442 603

60 504 201 579 nobilis
220 504 333 576 semel
350 520 461 602 atque
476 505 613 575 iterum
633 502 779 577 ardenti
793 503 896 578 febre
910 529 1057 601 correp·

59 638 141 708 tus,
154 646 256 718 aquae
266 620 471 718 plurimum
481 673 491 708 ,
502 635 582 692 tum
596 622 634 691 in
647 621 779 718 prima,
790 635 870 693 tum
883 623 922 691 in
931 645 1059 694 secun·

60 740 110 821 da
128 741 368 838 aegrotatioue
383 739 558 824 bibisset,
577 755 776 836 utramque
794 741 984 835 exciperet
1002 762 1059 811 as·

62 859 155 935 cites
182 858 331 953 ingens,
358 871 516 952 uterque
542 871 665 929 autem
685 856 816 930 ascitos
826 857 1062 943 solveretur,

59 999 198 1076 magna
210 975 247 1045 vi
265 999 370 1071 aquae
389 989 523 1071 sponte
536 971 700 1069 dejecta,
721 975 1061 1072 sponte,inquam;

60 1106 205 1167 namet
225 1091 338 1189 vulgo
359 1090 397 1162 id
421 1104 554 1163 notum
581 1106 681 1178 erat,
698 1107 735 1165 et
759 1093 840 1188 ejus
858 1090 952 1161 mihi
970 1113 1062 1160 con-

59 1207 222 1282 firmavit
241 1208 431 1296 medicus,
449 1228 528 1279 non
547 1206 618 1280 sibi
635 1206 740 1280 facile
756 1233 884 1281 earum
902 1208 1063 1279 curatio·

59 1349 156 1402 num
187 1324 373 1396 honorem
410 1323 656 1397 detracturus.
693 1322 848 1398 Easdem
884 1325 1062 1396 nimirum

59 1443 140 1517 vias
153 1443 240 1516 satis
257 1441 326 1514 sibi
341 1455 567 1515 reseraverat
581 1423 725 1530 natura,
740 1467 807 1539 per
825 1466 916 1540 quas
926 1440 1063 1511 humo·

60 1584 143 1652 rem
173 1560 211 1631 in
245 1574 375 1632 ventre
395 1574 628 1655 stagnantem
652 1558 891 1646 resorberet,
915 1558 1076 1655 alioque

60 1679 301 1764 amandaret,
318 1675 457 1774 quibus
474 1677 513 1746 in
533 1692 741 1750 mercatore
760 1677 825 1749 illo
846 1676 982 1748 Meadii
1006 1675 1063 1771 (1)

65 1820 134 1870 usa
155 1810 228 1884 est,
252 1819 337 1869 cum
354 1819 470 1891 aquas
492 1819 640 1881 omnes,
662 1795 841 1892 postridie
861 1819 929 1893 per
946 1792 1065 1867 abdo·

62 1914 182 1987 minis
198 1911 491 2012 perforationem
512 1912 741 2002 educendas,
758 1930 869 1986 nocte
887 1914 967 2012 ipsa
993 1936 1065 2002 una

61 2033 204 2107 invasa
220 2031 354 2103 iterum
370 2030 529 2128 recepit,
548 2032 587 2100 in
608 2032 726 2127 iisque
742 2033 1064 2135 retinuit-Verum

63 2173 155 2223 curn
175 2146 305 2220 eadem
324 2163 462 2219 natura
475 2173 600 2244 neque
618 2170 760 2244 perse,
778 2173 901 2245 neque
919 2147 1068 2218 blandis

62 2266 337 2352 invitamentis,
364 2289 488 2361 neque
519 2265 631 2362 paulo
665 2264 870 2338 acrioribus
903 2263 1066 2335 'stimulis
1115 2263 1118 2269 ’

62 2384 225 2464 excitata
250 2382 458 2482 quidquam
487 2383 658 2471 molitur,
683 2407 797 2470 num,
832 2385 911 2481 ipsa
940 2382 1068 2453 adrer-

62 2515 193 2591 sante,
216 2501 396 2575 acerrime
420 2516 457 2572 et
482 2500 690 2597 periculose
714 2499 899 2598 agendum
923 2501 1067 2572 estian
1098 2487 1101 2505 ⁵

62 2617 212 2717 potius,
237 2615 304 2690 ubi
333 2618 459 2690 omnia
491 2617 729 2716 permittant,
753 2643 855 2715 aquae
873 2617 1070 2689 emissione

59 2732 256 2824 ,utendum
271 2750 325 2807 est
335 2784 347 2824 ,
359 2733 498 2807 auxilio
509 2734 690 2831 primum,
703 2750 744 2808 ut
754 2735 963 2808 existimare
973 2732 1070 2821 licet,

30 2919 50 2929 ..
66 2850 119 2925 ab
140 2850 269 2923 eadem
286 2866 418 2925 natura
430 2850 621 2924 iudicato?

123 2968 180 3040 33.
217 2968 329 3058 Quod
361 2968 461 3040 enim
492 2968 672 3039 umbilico
709 2970 864 3040 immani
894 2984 998 3064 aquae
1034 2968 1071 3037 vi

65 3101 221 3184 aperto,
240 3086 433 3183 egrediens
459 3084 536 3156 haec
561 3087 712 3157 ascitam
735 3087 907 3174 solverit,
937 3111 1015 3156 non
1032 3084 1071 3156 id

65 3205 216 3304 prim0,
251 3205 410 3300 opinor,
439 3204 663 3275 Benivenius
685 3220 722 3275 et
745 3204 806 3274 alii
829 3228 923 3300 quos
945 3207 1073 3276 Dona·

65 3339 133 3394 tus
152 3316 208 3416 (a)
227 3335 263 3389 et
282 3319 584 3391 Gabelchoverus
603 3320 655 3406 [3]
678 3320 851 3409 laudaut,
876 3319 1072 3409 viderunt3

20 3456 23 3460 ’
64 3436 138 3512 sed
165 3437 277 3533 prisci
307 3436 397 3506 olim
425 3435 597 3508 bomines
618 3437 806 3536 iidemque
819 3437 1073 3527 adnotarunt,

110 3750 158 3829 (1)
178 3750 284 3805 Monit.
297 3741 373 3805 med.
390 3770 415 3805 c.
429 3750 446 3806 8
461 3751 493 3805 in
509 3750 560 3806 fin.
598 3724 600 3729 .

111 3851 158 3928 (a)
180 3853 224 3904 De
236 3851 312 3905 med.
328 3849 399 3906 bist.
412 3851 516 3907 mirab.
535 3853 554 3907 l.
572 3857 604 3922 4,
621 3863 648 3908 e.
662 3860 710 3907 st.

111 3949 159 4026 (3)
181 3950 258 4006 Sect.
276 3945 330 4004 hac
345 3946 498 4023 Sepulchr.
512 3951 544 4007 ln
553 3947 650 4008 schol.
666 3951 732 4020 ads
746 3968 773 4022 1,
784 3949 851 4008 obs.
862 3950 895 4007 6.
