2580 4514
134 325 206 406 400
302 342 348 387 nn
374 340 520 388 snnrnus
544 344 588 388 rr
613 341 737 390 cnusrs
762 343 977 392 uonnonuu

138 455 277 526 docent
296 455 586 530 observationes.
602 461 705 550 Quas
721 457 822 529 inter
834 458 897 530 vel
921 474 1110 557 propterte

137 588 242 669 perta
255 574 294 644 in
315 573 508 648 skirrhoso
522 575 678 674 hepate,
695 574 755 647 vel
773 563 936 674 propter
949 577 1030 672 ejus
1041 601 1112 676 pon·

137 690 228 780 dus,
257 691 377 792 dignae
400 709 488 766 sunt
510 695 609 768 lectu
631 719 652 764 a
674 694 719 764 cl.
746 695 877 766 Rostio
891 692 949 791 (1)
968 709 1007 767 et
1021 698 1113 767 Usen-

136 806 272 880 benzio
286 811 340 906 (a)
361 812 571 910 propositae.
588 813 653 883 llis
668 825 776 910 potes
794 836 878 882 eam
897 837 1054 910 quoque
1068 813 1114 884 al-

137 925 225 998 dere
241 953 352 1024 quam
367 930 548 1001 continuo
565 929 771 1025 subjiciam.

148 1064 151 1071 ·
187 1043 243 1116 25.
265 1047 415 1143 Bajulus
430 1047 691 1135 consistentis,
710 1063 750 1119 ut
768 1045 998 1137 videbatur,
1014 1048 1118 1138 atatis,

136 1163 243 1234 nullo
257 1189 426 1262 unquam
445 1179 608 1236 tentatus
627 1162 784 1252 morb0,
804 1163 901 1235 dum
919 1167 1069 1263 gravius
1081 1180 1118 1236 at·

137 1279 235 1352 tollit
251 1307 369 1371 onus,
394 1282 494 1354 illico
517 1309 595 1353 non
621 1283 740 1355 levem
765 1280 810 1352 ad
831 1281 993 1355 lumbos
1012 1282 1121 1355 moles

137 1400 226 1471 tiam
243 1403 370 1489 sentit,
396 1427 478 1499 quae
501 1416 590 1473 tunc
608 1399 766 1472 biduum
790 1398 933 1472 cubare
954 1402 1073 1499 cogit,
1093 1399 1120 1468 in

141 1519 329 1614 reliquum
352 1535 477 1590 autem
501 1535 651 1617 tempus
676 1518 726 1588 ita
751 1516 942 1607 debilitat,
967 1533 1013 1590 ut
1036 1517 1124 1589 nevi

139 1637 232 1732 giuti
252 1635 405 1733 quidem
429 1638 609 1708 librarum
638 1635 789 1735 pondus
812 1636 894 1707 sine
921 1634 1124 1721 lumborum

139 1754 382 1825 incommodo
394 1754 470 1850 jam
488 1756 605 1854 possit
621 1754 764 1826 tollere.
781 1755 915 1825 Mense
932 1754 1125 1851 interiecto,

140 1872 210 1943 sihi
234 1875 336 1945 visus
363 1889 437 1962 est,
464 1875 555 1945 dum
585 1876 623 1944 in
654 1871 857 1976 lectulose
880 1884 1125 1949 converteret.

140 2013 245 2086 aquae
268 1991 308 2059 in
330 2007 460 2062 ventre
486 1993 726 2091 agitationem
748 1988 900 2078 audire,
920 2014 1014 2061 mox
1031 1986 1130 2088 quotl-

140 2106 225 2178 dam
242 2110 348 2205 quasi
363 2134 501 2208 corpus
514 2113 708 2209 percipere
721 2106 826 2204 quod
840 2131 886 2179 ex
899 2106 1131 2207 hypogasuio

142 2226 180 2294 in
198 2223 474 2314 scrobiculum,
491 2243 533 2299 ut
552 2225 760 2325 appellant,
781 2223 909 2296 cordis
924 2218 1131 2313 ascendens,

141 2340 269 2440 ibique
290 2341 514 2434 subsistens,
538 2345 686 2415 initium
709 2339 846 2415 faceret
865 2344 1038 2417 tumoris
1055 2354 1133 2443 pru·¹

77 2510 89 2533 s
141 2458 228 2530 duri
244 2486 314 2533 nec
329 2461 484 2549 modici,
504 2487 580 2560 quo
594 2460 754 2533 simulet
773 2457 961 2532 febricula
973 2456 1134 2544 afflictus,

141 2580 276 2676 quinto
297 2580 374 2676 jam
396 2605 524 2652 mense
546 2605 591 2650 ex
605 2604 682 2676 quo
701 2603 810 2677 grave
827 2576 926 2649 illud
952 2602 1056 2653 onus
1070 2600 1134 2652 sus·

141 2696 297 2785 tulerat,
316 2698 355 2767 in
384 2698 647 2770 nosocomium
676 2694 750 2766 hoc
776 2693 897 2783 venit,
928 2709 970 2767 et
990 2720 1037 2768 ea
1067 2718 1133 2794 qua

142 2813 237 2904 dixi,
265 2818 430 2886 narravit
449 2816 587 2888 omnia.
613 2815 656 2886 Id
682 2827 761 2886 erat
786 2826 934 2882 certum
961 2812 1134 2886 assiduam

142 2948 233 3004 tunc
247 2957 326 3004 esse
346 2930 564 3006 febriculam
585 2949 621 3004 et
634 2947 750 3004 noctu
765 2928 1011 3023 exacerbari,
1027 2946 1133 3004 tumn

140 3075 219 3120 rem
238 3075 317 3122 esse
338 3052 378 3120 in
396 3050 610 3123 scrobiculo
626 3050 713 3137 illo,
739 3062 776 3121 et
793 3043 891 3117 infra
909 3048 1010 3123 imas
1029 3062 1135 3123 costo

141 3191 295 3265 quoque
321 3169 524 3265 praesertim
556 3168 744 3253 dexteras,
770 3179 807 3237 et
831 3165 870 3234 in
906 3182 1048 3239 ventre
1070 3188 1134 3239 estc

141 3309 278 3381 aquam
298 3282 463 3357 effusam.
480 3287 605 3357 Crevit
622 3285 699 3355 haec
713 3285 878 3372 iuterea3
896 3299 943 3355 ut
954 3309 1046 3357 cum
1058 3280 1134 3355 milri

22 3391 24 3396 ’
141 3399 237 3472 forte
261 3403 407 3473 occasio
431 3419 528 3475 esset
548 3405 588 3474 in
607 3401 869 3473 nosocomium
890 3400 1135 3487 ascendendi,

140 3543 217 3590 uno
235 3535 363 3592 exacto
394 3521 542 3592 circiter
560 3545 687 3592 mense
710 3546 755 3592 ex
773 3544 851 3617 quo
867 3518 923 3591 ibi
940 3518 1135 3595 decumbe·

178 3805 222 3882 (ι)
238 3803 307 3861 'Act
320 3806 357 3860 N.
373 3807 407 3860 C.
421 3815 492 3859 tom.
508 3820 545 3872 a,
561 3804 625 3860 obs.
645 3804 709 3876 178.

177 3905 221 3983 (a)
241 3907 279 3964 Et
295 3915 372 3962 cent.
387 3924 419 3982 9,
437 3904 502 3962 obs.
521 3921 569 3972 ²7·
