2580 4514
161 398 222 442 tls.
250 394 307 443 1111.
337 392 385 441 DE
409 391 544 441 nonuls
568 391 741 453 VERRIS,
765 391 876 452 EPIST·
895 393 1007 452 ῌΧΙΙ.
1038 394 1104 453 w,

128 504 299 581 bertinum
326 505 405 577 vidi
434 505 660 577 tumentium
682 502 1004 577 haemorrhoidum
1024 530 1110 587 cru·

133 624 274 699 tiatnsin
281 627 441 697 Procere
457 621 621 720 quodam
631 622 747 691 lenire
765 621 924 693 admotis
935 622 1109 695 cucurbi-

137 754 235 811 tarum
246 741 464 826 interaneiS,
474 755 539 811 aut
549 739 685 834 injecta
701 763 795 834 aqua
808 739 849 815 in
861 764 934 835 qun
945 738 1022 823 haec
1034 738 1112 811 fue·

137 871 198 927 rant
209 856 372 945 decocta.
389 859 588 928 AProcere
605 869 728 927 autem
745 854 861 925 altero
873 857 1111 951 generosissi-
1164 906 1166 908 -

138 995 183 1042 mo
203 989 313 1070 atque
332 973 584 1071 amplissimo,
601 973 744 1070 quippe
766 973 937 1069 Proregis
954 998 1113 1057 munere

137 1090 390 1190 nuperiuncto,
400 1115 488 1173 cum
496 1089 642 1173 medica
652 1114 740 1173 ame
750 1114 821 1187 pro
832 1088 902 1162 sibi
915 1091 1111 1165 carissimis

136 1211 269 1295 condiia
284 1222 486 1306 quaereret,
505 1209 642 1304 injecto
660 1205 755 1281 forte
766 1207 814 1278 dc
828 1207 1113 1287 haemorrhoidii

133 1323 820 1424 bussermone,accepi,ipsiquidemiu
830 1325 966 1397 harum
976 1324 1116 1405 dolori·

130 1440 187 1517 irus
198 1447 249 1516 ita
267 1443 449 1543 prodesse
464 1442 639 1542 linteola,
657 1441 816 1517 subinde
839 1443 1008 1528 admota,
1032 1468 1115 1539 quae

128 1562 312 1635 maderent
328 1561 453 1658 tepida
476 1561 514 1643 in
531 1584 609 1657 qua
626 1559 693 1630 lini
716 1561 875 1647 semina,
905 1575 942 1633 et
959 1562 1116 1651 concisae

123 1680 261 1757 radices
275 1679 412 1763 althaeae
425 1679 581 1763 decocta
601 1694 723 1751 essent
741 1677 951 1766 adrenias,
969 1693 1013 1757 ut
1032 1704 1117 1752 cru-¹

120 1800 235 1883 ciatus
249 1820 329 1871 non
346 1797 461 1881 modo
483 1796 676 1883 sedarent,
695 1798 975 1884 verumetiam,
995 1800 1025 1876 si
1045 1811 1118 1875 staff

119 1917 184 1999 tim
199 1931 316 2013 atque
339 1913 380 1986 hi
398 1914 624 2011 inciperent,
646 1912 956 2000 admoverentur,
978 1916 1119 1995 incres-

119 2056 201 2109 cere
238 2029 561 2115 haemorrhoidum
594 2045 783 2103 tumorem
823 2055 902 2105 non
933 2032 1119 2117 sinerent,

119 2176 207 2238 uec,
230 2147 336 2246 quod
356 2148 618 2245 consequitur,
642 2148 843 2246 disrumpi,
873 2162 910 2220 et
929 2151 1120 2246 sanguinis

119 2266 351 2367 profluvium
372 2263 466 2349 fieri.
493 2265 568 2337 Ubi
587 2280 712 2337 autem
731 2264 806 2342 hoc
823 2266 934 2346 nimis
951 2283 1121 2363 urgeret,

119 2384 306 2472 Valsalva,
324 2399 367 2469 ut
376 2383 423 2455 ad
435 2382 602 2465 medicos
618 2381 790 2470 redeam,
805 2384 876 2462 tria
891 2408 966 2481 prae
981 2387 1120 2464 caeteris

119 2501 312 2589 laudabat,
325 2496 497 2599 aquibus
505 2500 678 2579 videlicet
687 2501 873 2582 acciderat
883 2516 923 2573 ut
933 2502 1123 2583 mirabiles

119 2618 277 2705 effectus
292 2617 456 2717 rideret:
473 2619 658 2716 primum,
678 2617 845 2702 theriaca
865 2625 1008 2699 recenti
1027 2645 1123 2716 pon-

119 2738 208 2819 dere
226 2762 294 2821 sex
312 2737 461 2821 circiter
472 2734 758 2824 drachmarum,
776 2735 944 2815 admistis
960 2752 1124 2832 quatuor

119 2871 253 2929 ortsex
266 2852 681 2952 etiaminmagncssuxu
690 2856 767 2951 opii
781 2854 919 2952 grauis,
928 2855 1124 2950 regionem

120 2971 379 3057 umbilicalem
406 2972 528 3056 linire.
555 2973 743 3060 Alterum,
766 2971 959 3052 vitriolum
985 2972 1025 3043 in
1049 2971 1123 3051 cal·

119 3115 204 3163 cem
221 3087 433 3177 redactum,
445 3087 551 3185 quod
559 3088 720 3186 chymioi
728 3088 904 3186 appelant
914 3087 1125 3179 colcottar,
1140 3144 1145 3154 ·

120 3210 221 3306 parti
250 3206 350 3281 unde
371 3207 522 3304 sanguis
547 3205 721 3304 profluit,
742 3205 933 3285 adhihere.

169 3327 339 3401 Tertium
375 3348 547 3412 curare,
564 3339 605 3396 ut
632 3348 728 3421 aeger
756 3325 874 3395 imum
905 3323 1126 3403 intestinum

121 3457 337 3527 eguorsum
349 3457 512 3538 premat,
530 3442 560 3514 si
570 3439 692 3530 forte,
713 3456 755 3511 ut
771 3466 1049 3537 nonnunquam
1061 3467 1129 3520 ,ac-

122 3559 234 3646 cidit,
246 3573 425 3656 ‚apertum
443 3560 539 3632 vasis
562 3555 762 3657 sanguiferi
778 3556 947 3637 foramen
966 3554 1131 3637 incunt*

123 3662 459 3777 pectum'reniat:
477 3693 568 3748 tunc
603 3692 729 3749 autem
761 3676 902 3779 ritrioli
924 3675 1128 3749 frustulum

123 3796 223 3867 sicut
235 3793 461 3865 haematitem
481 3796 643 3893 pictores
654 3795 794 3882 solent,
807 3796 846 3865 in
859 3810 1024 3865 extrema
1037 3819 1128 3891 qua·

124 3910 226 4010 piam
243 3908 373 3983 fistula
388 3927 571 4009 aptatum,
589 3914 623 3983 ei
637 3909 810 3983 foramini
819 3912 1137 4011 tantisperappri-.

895 4032 959 4115 14*
