2580 4514
153 388 215 434 un.
242 386 301 433 ιιι.
329 387 377 432 nr
403 383 537 431 nonnis
553 382 720 448 vannus,
744 383 856 430 nr1sr.
877 386 1003 430 xxxrn.
1034 362 1102 460 237

119 513 169 571 aut
186 510 452 596 congestorum
468 510 791 566 recrementorum
810 498 935 595 copia,
953 513 1016 569 aut
1032 500 1108 569 vio-

121 614 212 688 lentis
232 614 497 711 diuturnisque
510 614 549 682 in
568 611 757 710 egerendo
772 612 920 685 nixibus
931 614 1107 688 distracta

126 754 158 802 ac
176 730 316 802 divulsa
335 755 377 802 ea
394 730 545 801 vincula
565 755 647 826 quae
675 756 719 799 ex
747 754 924 827 supremo
947 748 1050 803 recto
1067 735 1107 804 in

127 849 320 945 proximum
349 847 463 919 colon
483 847 698 936 ducuntur,
722 846 890 920 fasciolas
911 865 986 921 tres
1011 849 1108 921 refe-

128 966 242 1054 rentia,
266 990 347 1036 non
376 967 426 1036 ita
459 965 583 1037 sinant
613 979 692 1035 turn
720 964 864 1062 aliquot
892 991 937 1037 ex
966 967 1107 1039 ultimis

129 1083 183 1154 coli
203 1082 348 1156 cellulis
372 1095 454 1152 turn
482 1081 664 1179 plurimas
682 1107 727 1152 en
750 1083 794 1152 iis
815 1108 896 1179 quae
920 1083 1108 1156 intrabas

123 1216 216 1285 ἰωή,
234 1201 457 1273 transversis
472 1200 576 1297 rugis
598 1199 772 1287 extendi,
796 1213 838 1270 ut
862 1201 1029 1298 prolapsi
1052 1204 1108 1271 in-

127 1320 232 1391 testini
242 1316 444 1416 longitudo
457 1331 648 1414 augeatur.
665 1315 884 1389 Videndum
900 1320 1014 1417 igitur
1027 1321 1109 1409 erit,

124 1433 174 1509 tbi
200 1434 409 1509 illiusmodi
435 1434 633 1523 cadavera,
664 1460 745 1532 quae
770 1434 895 1506 adhuc
915 1435 1109 1526 desidero,

119 1552 305 1627 incidenda
331 1552 559 1643 obvenient,
581 1552 776 1650 quomodo
801 1553 862 1624 illa
889 1556 1000 1626 etiam
1029 1556 1110 1625 vin-

119 1673 211 1762 cula,
226 1671 374 1769 illaeque
391 1670 532 1742 cellulae
552 1694 590 1741 se
608 1670 789 1758 habeant,
808 1687 874 1744 aut
894 1674 924 1744 si
950 1687 1111 1771 utraque

119 1789 330 1889 persistant,
352 1813 401 1859 an
421 1788 619 1859 interiores
644 1787 773 1858 saltem
796 1813 895 1886 rugae
911 1815 1046 1888 magna
1067 1816 1112 1861 ex

119 1924 218 2007 parte
235 1908 311 1980 sint
329 1906 518 2004 explicatae
540 1930 581 1976 ac
601 1903 746 1992 deletae,
767 1931 848 2004 quae
866 1931 926 1977 res
942 1932 1018 1978 una
1036 1933 1112 1978 ma—

119 2027 208 2099 nime
226 2025 446 2097 interiorem
468 2023 634 2095 tunicam
654 2024 781 2121 inqua
800 2023 870 2095 illae
884 2040 991 2113 sunt,
1007 2025 1113 2097 deor·

119 2166 192 2227 tum
219 2140 372 2215 extendi
398 2143 557 2228 sineret„
588 2140 760 2213 trahente
789 2140 965 2214 videlicet
992 2146 1113 2214 oonti-

119 2276 224 2335 mata
240 2259 426 2361 vinperiore
445 2259 574 2331 tunica
600 2261 694 2330 recti
721 2260 912 2347 intestini,
937 2285 1051 2357 quarn
1075 2287 1114 2333 se

119 2390 299 2450 avertere
325 2391 362 2447 et
383 2376 435 2447 sic
452 2374 628 2473 prodire,
652 2376 770 2447 secuti
789 2390 962 2448 recentes
978 2378 1018 2447 in
1038 2379 1114 2475 pri·

119 2494 182 2567 uis
201 2495 258 2565 rei
274 2491 427 2565 medicae
444 2493 665 2591 scriptores,
680 2494 720 2562 in
734 2493 899 2565 Consilio
917 2495 979 2591 (1)
994 2498 1118 2592 posui-

119 2636 207 2685 nus.
240 2613 333 2703 Quae
363 2626 489 2682 tamen
517 2612 598 2708 ipsa
625 2611 788 2681 inversio
816 2627 1001 2707 quatenus
1034 2611 1120 2683 fieri

119 2729 342 2831 ignoscique
371 2731 512 2828 possit,
535 2752 638 2799 nunc
662 2729 702 2797 in
722 2726 856 2798 iisdem
875 2718 1119 2801 cadaveribus

119 2848 254 2949 pariter
268 2845 515 2945 quaerendum
537 2870 744 2917 censemus.
764 2849 896 2942 Neque
918 2848 1019 2918 enim
1040 2846 1120 2933 hic,

119 2980 155 3053 nt
167 2962 346 3062 alibi(2)‚
361 2965 485 3064 agitur
503 2964 550 3034 de
576 2979 681 3061 parte
701 2963 881 3047 duntaxat
895 2963 1040 3061 aliqua,
1062 2989 1120 3036 ea-

119 3107 190 3183 que
207 3107 296 3154 cum
317 3082 479 3180 quadam
501 3083 608 3180 quasi
633 3081 796 3152 cuticula
822 3107 904 3180 quae
928 3081 1121 3174 abscedat,

119 3199 388 3299 comparanda,
417 3199 484 3272 sed
505 3198 553 3272 de
567 3214 645 3270 tota
663 3201 743 3296 ipsa
759 3200 939 3309 intpriore
956 3202 1122 3274 intestini

119 3317 210 3399 recti
225 3318 370 3404 tunica,
394 3342 510 3415 quam
538 3343 558 3386 a
578 3315 790 3388 musculosa
814 3312 865 3403 sic
888 3317 1064 3408 dissolvi,
1082 3335 1124 3391 ut

119 3449 244 3509 tamen
271 3459 351 3507 non
379 3437 607 3522 emoriatur,
639 3458 708 3507 nec
737 3436 952 3534 gravissima
986 3436 1123 3508 habeat

119 3553 321 3659 conjuncta
339 3567 604 3663 syrpptomata,
622 3550 774 3625 difficile
791 3567 846 3624 est
861 3554 1007 3625 creditu
1020 3552 1121 3650 apud

151 3836 200 3916 (ι)
220 3836 259 3894 Ν.
279 3836 346 3893 eod.

153 3935 200 4015 (a).
223 3933 321 4010 Epist.
338 3935 392 4004 31,
409 3955 439 3990 n.
456 3954 503 3991 no.
