2580 4514
136 335 185 406 80
304 357 351 402 ua
377 354 523 402 sautans
548 356 592 400 nr
617 352 740 402 causis
766 356 976 405 uonnoauu

137 469 347 570 quidquam
367 469 568 565 sauguinis.
596 473 638 538 In
658 470 822 558 caeteris,
845 495 961 567 quas,
987 470 1142 544 cerebro

139 604 316 686 exceptu,
331 589 582 683 inspeximus,
598 586 768 685 partibus
785 587 882 658 nihil
901 588 1141 661 adnotatione

137 707 294 806 dignum
315 702 394 774 fuit.

194 849 247 920 ¹9·
261 822 416 893 Nullum
430 818 564 890 abhoc
576 821 659 890 viro
672 822 711 891 iu
727 821 879 892 vivendi
888 826 1024 893 norma
1035 847 1142 920 grave

4 915 11 923 .
44 952 47 958 '
137 955 331 1040 peccatum
351 938 555 1010 admissum
576 935 708 1027 fuerat,
723 954 766 1010 ut
784 938 831 1010 ab
852 938 917 1010 illo
933 941 1144 1036 cujusvcn.

136 1061 315 1130 tricuium
333 1057 630 1144 inflammatum,
658 1052 891 1154 maculisque
909 1058 1027 1155 nigris
1045 1058 1144 1130 obsi·

137 1193 219 1249 tum
244 1176 336 1248 vidit
359 1175 404 1245 ci.
430 1174 642 1245 Koehierus
663 1173 722 1271 (1)
745 1175 874 1245 :nulla
892 1188 971 1245 erat
989 1199 1144 1272 prorsus

138 1310 202 1367 aut
234 1294 437 1390 incongrui
470 1290 762 1377 medicamenti,
788 1307 830 1362 ut
860 1291 961 1390 apud
989 1293 1143 1364 Klauni·

139 1414 242 1512 gium
256 1413 310 1506 (α’)
320 1466 329 1497 ,
341 1426 419 1496 aut,
432 1410 540 1479 sicuti
550 1434 629 1478 non
643 1409 759 1480 semel
770 1409 810 1478 in
823 1408 894 1480 hac
908 1409 1143 1506 Sepulchreti

138 1533 329 1615 sectione,
359 1528 496 1597 veneni
523 1551 589 1597 seu
613 1524 763 1611 fraude,
795 1551 861 1598 seu
890 1551 978 1598 casu
1009 1530 1143 1628 ingesti

64 1714 68 1721 .
138 1649 312 1745 suspicio
330 1651 411 1715 imo
422 1643 604 1742 quaedam,
617 1644 965 1717 utanimadvertere
978 1647 1142 1744 potuisti,

137 1780 403 1864 praecesserant
438 1787 520 1859 quac
550 1763 743 1859 sauguinis
772 1763 1021 1839 acrimoniam
1049 1763 1142 1835 indi-

118 1973 120 1987 ι
140 1899 280 1953 carent.
294 1887 434 1952 Tamen
449 1882 479 1952 si
499 1880 592 1978 quid
613 1878 708 1951 forte
726 1881 871 1952 miraris
883 1936 893 1969 ,
905 1884 1022 1980 magis
1035 1884 1141 1953 mira·

138 2000 239 2072 beris
252 2003 291 2070 in
303 1999 459 2070 muliere
469 2053 478 2084 ,
489 1997 595 2094 cujus
605 1998 800 2071 historiam
811 2024 832 2069 a
845 2023 905 2071 mc
917 2000 987 2071 tibi
997 1999 1142 2098 alias(3i

137 2119 379 2216 promissam,
395 2117 471 2212 jam
490 2117 627 2214 accipe.

92 2287 95 2293 .
190 2260 245 2305 20.
266 2234 497 2330 Paupercuia
510 2234 695 2304 rusticana
710 2231 848 2304 femina
859 2288 869 2322 ,
879 2259 1071 2307 annorum
1084 2291 1094 2325 ,
1107 2249 1144 2308 ut
1173 2297 1176 2303 ,

137 2351 362 2438 videbatur,
387 2352 536 2421 circiter
559 2352 855 2449 quinquaginta,
877 2351 1043 2425 obnoxia
1069 2368 1144 2426 erat

139 2495 208 2568 per
231 2468 427 2539 intervalla
452 2466 665 2538 difficultati
683 2471 956 2566 respirationis,
972 2496 1060 2543 curn
1081 2499 1142 2544 an·

139 2588 266 2687 gustiae
277 2611 408 2673 sensu,
420 2599 456 2656 et
470 2585 581 2682 pulsu
595 2585 693 2657 duro
705 2588 926 2682 conjunctae,
934 2614 1145 2690 magnaque

140 2707 360 2777 arteriarum
377 2705 546 2774 omnium
557 2705 770 2802 agitatione,
780 2706 964 2777 utharum
979 2709 1145 2782 alternus

139 2839 265 2895 motus
283 2823 354 2894 sub
373 2823 504 2894 oculos
524 2822 673 2894 caderet
689 2825 728 2892 in
749 2826 837 2922 ipsis
857 2825 1055 2916 manibus,
1071 2853 1145 2900 non

141 2942 259 3012 modo
274 2945 312 3012 in
334 2941 452 3027 colio,
469 2956 581 3036 atque
597 2941 842 3039 temporibus.
863 2944 936 3014 Ubi
949 2946 1147 3041 respiratio

141 3059 332 3156 angebat,
361 3061 624 3128 nosocomium
660 3059 733 3129 hoc
763 3059 919 3147 adibat,
957 3063 1147 3162 missoque

141 3177 263 3247 multo
294 3181 506 3272 sanguine,
534 3179 703 3273 quierat
729 3176 989 3265 duriusculus,
1013 3180 1149 3254 iibera-

141 3296 264 3367 batur.
295 3295 353 3363 Sic
382 3318 502 3365 annos
530 3309 696 3390 quatuor
724 3297 892 3383 vixerat,
928 3323 1014 3369 cum
1045 3301 1148 3372 dorni

140 3411 343 3484 ventriculi
374 3411 570 3482 doloribus
602 3427 799 3511 correpta,
829 3413 882 3484 ibi
907 3419 1006 3487 intra
1034 3417 1146 3490 horas

178 3703 224 3779 (ι)
245 3706 407 3760 Commerc.
426 3702 515 3757 litter.
531 3719 578 3757 an.
596 3703 687 3772 1743,
706 3697 794 3757 hebd.
811 3699 843 3773 5,
856 3722 886 3758 n.
902 3720 929 3758 a.

181 3803 226 3880 (a)
245 3799 320 3877 Eph.
339 3804 377 3857 N.
396 3803 428 3855 C.
443 3812 521 3856 cent.
539 3804 594 3858 iet
608 3810 641 3868 ί..
655 3803 719 3858 0bs.
738 3801 803 3868 145.

180 3903 225 3980 (3)
244 3903 337 3977 Epist.
354 3906 405 3971 14,
426 3919 456 3954 n.
471 3899 518 3957 35.
