2580 4514
158 325 228 399 368
321 348 367 392 na
393 345 538 392 samatus
563 347 606 391 sr
632 345 756 394 caus1s
781 349 996 400 nonnosum

159 463 264 534 culos
286 459 393 530 nullo
413 457 528 528 modo
550 459 706 530 attinere
721 486 831 558 posse
854 467 1051 539 conclusas
1065 468 1131 542 veti·
1184 487 1186 529 1

158 581 270 652 culas.
296 579 394 668 Quid
420 579 540 663 enim,
565 580 595 648 si
620 577 754 648 harum
780 605 860 651 non
878 582 1077 659 dissimiles
1090 586 1133 657 ati·

158 698 311 796 quando
341 696 485 767 externi
520 696 647 792 cystici
673 711 841 771 tumores
870 701 1137 775 ostenderunt?

154 818 252 886 Num
271 817 357 912 quia
374 830 498 911 partes
520 829 679 885 externa
702 830 804 903 sunt,
826 815 975 890 ideirco
1004 820 1142 918 glandu-

156 934 242 1006 losis
259 947 386 1004 carent
395 930 594 1003 folliculis?
610 932 680 1003 Sed
692 935 813 1022 euim,
831 951 874 1005 ut
884 935 987 1026 dixi,
1003 936 1149 1011 hisnolo
1178 960 1182 969 ·

155 1052 290 1122 iterum
310 1048 625 1148 disputationibus
644 1051 847 1121 immorari.

208 1193 261 1241 ιο.
289 1172 437 1239 Praestat
458 1181 500 1237 ut
522 1169 561 1236 in
581 1166 713 1237 ultima
735 1192 780 1237 ex
795 1166 868 1238 illis
887 1169 1072 1242 Valsalvae
1090 1171 1158 1244 his·

155 1287 260 1356 toriis
275 1289 328 1383 (ι)
340 1285 379 1355 id
393 1308 547 1382 quoque
565 1284 800 1355 attendamus
820 1285 926 1381 quod
950 1290 992 1358 in
1014 1313 1059 1360 ea
1075 1293 1158 1360 Mal-

37 1434 40 1438 *
152 1404 303 1502 pighius
315 1403 449 1475 diserte
464 1399 653 1490 laudabat,
671 1401 858 1472 biliarium
876 1403 1060 1478 videlicet
1075 1406 1155 1478 duc-

152 1537 233 1593 tum
256 1523 399 1617 ingenti
418 1517 561 1590 orificio
580 1543 665 1589 cum
688 1518 861 1591 abscessu
880 1519 1036 1620 hepatis
1058 1550 1152 1598 com-

151 1640 407 1709 municantem
418 1637 582 1733 ,reliqua
597 1651 720 1707 autem
735 1652 812 1729 tuta
822 1653 929 1734 parte
944 1639 1151 1730 dilatatum,

79 1784 81 1789 ·
150 1774 192 1828 ut
221 1752 419 1826 manifesto
451 1768 647 1852 appareret
675 1755 869 1851 quemodo
899 1761 1087 1833 vesiculas
1111 1785 1146 1831 ex

150 1873 324 1945 abscessu
335 1874 516 1970 potuisset
533 1874 727 1969 excipere,
745 1888 781 1945 et
800 1874 839 1944 in
855 1874 1082 1949 duodenum
1099 1880 1144 1952 in-

150 1993 327 2063 testinum
345 1990 552 2061 traducere.
572 1992 656 2079 Quo
680 1991 806 2061 minus
830 1991 1090 2067 dubitandum
1100 2011 1143 2068 est

150 2111 242 2207 quin
264 2111 396 2206 saepius
425 2134 492 2206 per
511 2133 684 2180 corrosos
714 2133 838 2180 ramos
865 2115 1092 2211 sanguinem
1114 2128 1143 2185 et

147 2253 237 2326 pus,
253 2253 297 2298 ex
318 2226 463 2325 hepatis
478 2228 638 2296 vomicis
652 2242 851 2324 exceptum
869 2231 1090 2303 transvehat
1105 2230 1141 2302 ad

146 2348 348 2431 intestina,
374 2344 692 2440 quemadmodum
717 2369 830 2442 supra
846 2345 901 2443 (a)
921 2372 1141 2423 commemo·

145 2479 266 2534 ratum
284 2477 355 2550 est,
373 2478 409 2534 et
424 2461 560 2533 bibarii
578 2461 712 2533 ductus
724 2464 827 2559 justo
842 2464 1074 2563 ampliores,
1092 2492 1142 2540 os-
1184 2494 1186 2499 ·

145 2581 271 2653 culum
292 2605 381 2651 vero
396 2605 464 2677 per
476 2579 580 2675 quod
598 2579 684 2651 bilis
698 2582 737 2651 in
760 2580 985 2654 duodenum
1007 2583 1141 2671 influit,

143 2701 290 2771 minimi
311 2698 416 2794 digiti
443 2695 548 2768 facile
578 2722 712 2793 capax,
734 2698 928 2770 evidenter
953 2701 1142 2774 confirma·

141 2839 231 2890 runt
249 2821 288 2887 in
308 2814 472 2913 quadam
489 2815 613 2911 puella
630 2815 702 2909 (3),
721 2841 803 2914 quae
823 2841 908 2887 cum
931 2842 1005 2916 per
1026 2822 1140 2894 atrum

140 2938 267 3035 plures
282 2934 395 3005 libras
417 2933 521 3030 puris
543 2956 610 3029 per
631 2935 730 3003 vices
755 2935 1003 3025 excrevisset,
1024 2965 1093 3038 pus
1106 2940 1141 3009 in

139 3051 313 3150 pluribus
330 3050 475 3147 hepatis
492 3046 743 3138 abscessibus,
761 3052 799 3119 in
811 3051 933 3148 iisque
948 3053 1139 3144 ductibus,

139 3171 231 3239 etin
251 3169 315 3237 illo
330 3169 508 3237 intestino
528 3166 688 3236 multum
712 3166 854 3238 habuit.
868 3172 962 3261 Quae
989 3197 1076 3246 cum
1097 3175 1139 3245 ita

138 3287 234 3370 sint,
253 3285 383 3380 reique
402 3284 606 3355 consimilis
625 3283 886 3376 manifestum,
914 3304 953 3360 et
974 3291 1139 3364 crebrius

135 3403 175 3472 iu
194 3400 350 3475 renibus
373 3399 557 3473 habeatur
577 3402 817 3498 exemplum,
847 3403 951 3478 uude
978 3424 1138 3519 ureteres

170 3703 215 3781 (ι)
235 3705 272 3759 Ν.
298 3720 343 3757 ιο.

169 3804 214 3881 (a)
235 3805 272 3859 N.
295 3801 324 3858 6.

168 3903 212 3983 (3)
232 3900 308 3980 Eph.
322 3903 360 3960 N.
376 3903 410 3959 C.
423 3895 489 3958 ced.
503 3901 587 3969 3‚A.
607 3907 642 3973 4,
660 3901 724 3957 obs.
740 3903 787 3972 73.
