2580 4514
206 100 278 188 354
358 123 405 169 nr
431 120 577 169 sromus
603 121 647 166 rr
673 119 797 167 caosrs
822 120 1034 170 uoaaoamr

85 227 104 313 ’,
139 293 153 313 ,
203 239 266 311 alii
282 235 363 334 (1),
383 249 420 307 et
439 257 509 305 nos
521 232 575 332 (π)
588 229 878 322 offenderimus,
891 234 931 305 in
944 236 1070 309 medio
1090 235 1217 308 relinf

204 355 368 454 quimus.
379 357 481 422 Inter
491 352 651 448 pessima
665 365 788 422 autem
802 353 907 450 signa
921 407 931 441 ‚
950 359 987 424 ct
1000 347 1248 454 proximarffl

205 485 367 541 mortem
385 468 588 539 indicantia
595 468 680 562 jure
694 468 910 564 meritoque
918 472 1136 569 reponimus
1144 472 1271 541 niz

205 584 1284 687 grasdejectionescumdolorumcessationeconjunoe:

205 722 277 794 tas,
291 730 385 802 quas
403 729 515 802 supra
531 703 589 801 (3)
609 707 989 778 commemoravimus
1012 733 1021 775 ε
1049 706 1096 777 ad
1118 729 1188 804 quas
1261 745 1290 759 ι

206 823 268 894 illa
287 848 442 920 quoque
456 820 629 893 addenda
648 835 703 893 est
721 846 835 919 quam
854 847 941 893 cum
966 824 1189 895 omniumin·

204 941 428 1014 testinorum
441 964 520 1010 non
534 939 665 1010 dolore
677 940 853 1038 quidem,
869 942 937 1039 qui
949 941 1000 1013 ob
1014 941 1189 1041 paralysim
1278 975 1290 1006 ι

204 1085 399 1158 nunquam
420 1058 561 1152 fuerat,
581 1058 646 1130 sed
669 1084 805 1156 magna
823 1056 1121 1131 inflammatione
1142 1055 1191 1128 tihi
1237 1061 1282 1132 i

205 1180 245 1250 in
267 1181 338 1250 alia
367 1178 533 1275 Epistola
557 1174 612 1274 (Δ)
630 1176 908 1276 descripsimus.
934 1179 1143 1248 Proximam
1158 1172 1190 1244 de
1257 1214 1278 1224 —

202 1295 582 1397 hypochomlriorum
605 1311 753 1368 tumore
764 1319 806 1366 ac
821 1295 955 1366 dolore
971 1293 1188 1394 expectabis,
1216 1349 1252 1383 ,

206 1431 244 1487 ct
260 1412 412 1485 valebis.

245 1769 274 1848 (ι
310 1770 379 1826 Vid.
394 1770 458 1825 obs.
472 1777 508 1840 47
523 1769 573 1826 cit.
586 1787 693 1845 supra,
706 1769 744 1825 ad
755 1787 785 1824 n.
798 1785 845 1824 aa.

244 1869 256 1916 l

259 1888 276 1926 2
311 1871 391 1943 Epis.
412 1872 466 1938 34,
484 1889 515 1926 n.
532 1868 567 1927 15
579 1881 608 1926 ct
622 1887 712 1943 supra
724 1889 754 1925 n.
772 1869 810 1926 16
824 1879 855 1925 et
870 1868 917 1925 18.

263 1972 292 2047 3)
314 1972 404 2027 Num.
419 1969 486 2026 iisd.

247 2067 292 2146 (4)
314 2089 371 2144 29,
393 2090 423 2125 n.
440 2088 486 2125 10.

244 2168 250 2177 ι
