2654 4508
208 420 277 465 mn.
305 416 361 463 111.
390 417 436 462 na
462 414 598 461 nonius
623 413 795 484 vaprms,
820 415 932 462 misr.
960 419 1057 462 xxxi.
1096 394 1163 480 143

158 533 311 603 accessit
343 554 430 600 cum
462 552 596 625 magna
630 543 808 624 praeterea
840 527 890 598 ob
923 529 1163 601 celerrimum

156 630 249 720 itum
264 663 302 719 et
322 646 507 729 reditum,
528 669 598 715 nec
625 646 683 714 via
708 643 814 714 brevi
838 648 1008 742 corporis
1031 663 1068 718 et
1091 648 1163 719 hu-

157 789 309 835 morum
335 763 604 849 concussione,
632 762 804 848 minime,
830 763 1001 857 inquam,
1028 765 1073 834 sit
1094 766 1163 834 mi-

156 882 336 969 randum,
350 882 380 952 si
394 903 672 976 nonnunquam
684 878 827 949 accidat
842 878 947 974 quod
957 895 1046 952 tuuc
1057 883 1159 952 mihi.

210 1028 265 1074 11.
294 996 407 1089 Quod
425 998 455 1069 si
473 995 661 1094 pluribus,
680 1020 774 1092 quas
800 997 921 1092 attigi,
942 1000 1062 1068 causis
1083 1025 1162 1070 non

156 1133 376 1202 contentuS,
405 1115 514 1185 aliam
536 1115 692 1209 insuper
712 1114 875 1209 aliquam
895 1115 1162 1209 inquirendam

155 1253 293 1338 putas:
314 1236 428 1307 s'atius
455 1231 492 1302 id
522 1232 610 1318 erit,
632 1254 746 1326 quam
773 1231 864 1302 siin
893 1231 1040 1301 illarum
1069 1259 1162 1322 una,

154 1373 327 1453 tempore
340 1351 515 1422 videlicet
533 1348 758 1434 autumnali,
770 1349 1037 1444 acquiesceres.
1056 1351 1160 1420 Idem

155 1476 256 1546 enim
272 1488 443 1568 tempus,
472 1467 571 1538 idem
589 1490 730 1554 annus,
755 1463 886 1538 eadem
912 1466 1162 1540 Londinensis

153 1593 282 1663 civitas
295 1590 497 1659 incruenta
515 1584 685 1681 quidem,
703 1599 740 1654 et
752 1584 955 1678 conjuncta
978 1609 1065 1656 cum
1084 1602 1161 1656 tor·

157 1707 339 1794 minibus,
355 1705 428 1775 alvi
447 1701 630 1800 profluvia
659 1702 861 1800 grassantia
884 1725 953 1798 per
976 1705 1162 1800 populum

158 1826 346 1911 habuere3
382 1821 447 1893 sed
484 1820 578 1893 adeo
612 1835 737 1890 tamen
762 1817 1030 1916 discrepantia,
1057 1838 1099 1893 ut
1132 1825 1162 1893 si
1242 1893 1246 1899 ,

160 1943 304 2014 Willisii
319 1938 394 2037 (ι),
412 1954 448 2010 et
459 1936 702 2034 Sydenhamii
715 1935 769 2030 (a)
783 1934 1053 2034 descriptiones
1064 1941 1161 2010 inter

159 2084 194 2132 se
212 2056 406 2131 conferas:
436 2055 581 2125 mireris
607 2054 840 2151 plurimum,
866 2078 952 2124 cum
980 2055 1161 2152 profluvia

158 2193 317 2274 uterque
324 2187 512 2272 proponat
526 2196 608 2268 quae
620 2223 630 2257 ,
640 2185 824 2240 autumno
837 2173 926 2241 anni
943 2174 1047 2270 1670,
1066 2180 1161 2245 Lon·

156 2296 349 2368 dinensem
375 2290 558 2389 populum
581 2312 776 2374 vexavere,
805 2289 963 2360 alterum
993 2280 1155 2388 aqudra,

158 2413 313 2483 alterum
331 2433 484 2480 mucosa
502 2406 735 2495 describere3
760 2431 885 2502 neque
911 2407 1019 2478 ilium
1033 2411 1156 2507 aliqua

158 2531 285 2603 saltem
322 2552 498 2614 mucosa,
532 2526 634 2596 hunc
664 2548 806 2621 aquosa
845 2549 1153 2600 commemorare.

157 2648 255 2739 Quid
274 2672 366 2744 ergo
391 2646 476 2717 est?
499 2642 685 2739 Equidem
703 2640 948 2731 crediderim,
976 2646 1015 2714 in
1039 2645 1155 2732 urbe,

159 2768 262 2864 siqua
281 2764 351 2834 alia
366 2817 375 2849 ,
388 2777 467 2833 tum
489 2760 738 2858 amplissima,
756 2773 835 2829 tum
854 2756 1155 2856 frequentissima

158 2885 308 2980 utrique
333 2879 527 2966 accidisse,
547 2876 708 2948 utnulla
730 2872 805 2947 fere
818 2876 888 2945 alia
906 2875 1087 2974 profluvia
1102 2882 1156 2949 vi-

158 2999 268 3088 derit,
298 3021 413 3095 quam
447 3021 529 3093 quae
558 2994 764 3092 descripsit.
793 2995 1001 3066 Discrimen
1032 3013 1155 3068 autem

156 3117 240 3188 inde
262 3114 391 3200 fuisse,
410 3113 513 3211 quod
536 3127 578 3183 ut
598 3113 637 3181 iu
655 3112 766 3182 variis
786 3135 928 3208 magnae
947 3112 1053 3184 urbis
1065 3140 1156 3212 ‘par-

156 3234 254 3308 tibus
272 3235 375 3304 varia
394 3255 472 3303 esse
486 3232 583 3301 aeris
603 3229 840 3311 constitutio,
861 3253 903 3300 ac
919 3232 1072 3302 mistura
1091 3256 1158 3330 po·

157 3367 244 3442 test,
266 3368 304 3424 et
332 3351 440 3420 variae
471 3347 670 3419 homiuum
694 3357 811 3431 artes,
844 3346 991 3444 aliaque
1015 3351 1156 3445 ejusce.

158 3471 275 3560 modi,
295 3471 346 3539 ita
359 3467 427 3538 alia
447 3465 648 3536 hominum
665 3449 824 3561 corpora
843 3487 927 3535 sero
944 3464 1157 3539 abundave-

158 3591 229 3661 rint
252 3587 374 3684 magis
403 3583 542 3670 fluida,
567 3582 638 3653 alia
665 3596 792 3652 autem
819 3584 934 3679 magis
965 3583 1086 3673 lent0,
1114 3612 1156 3660 ac

191 3873 233 3952 (1)
255 3871 328 3930 Vid.
343 3887 369 3924 c.
385 3868 433 3924 cit.
452 3886 558 3943 supra,
571 3866 609 3923 ad
622 3885 652 3921 n.
669 3865 696 3923 8.

189 3974 230 4053 (a)
252 3973 329 4030 Obs.
345 3968 421 4023 med.
436 3969 513 4026 circa
525 3967 619 4024 morb.
631 3976 708 4023 aeut.
723 3975 793 4020 sect.
807 3971 842 4035 4,
859 3982 886 4020 e.
902 3963 929 4020 3.
