2580 4514
157 386 219 440 tn.
245 392 302 439 111.
330 388 378 438 uu
402 377 538 437 nouus
562 372 1002 453 vnriruis,=rr1sr.xxxu.
1034 391 1103 464 ²⁰9

121 506 231 595 tutari,
253 530 348 603 soepe
367 519 492 574 autem
519 503 753 601 periculoso,
779 527 926 600 semper
955 505 1101 576 incom-

126 623 228 694 modo.
246 621 392 697 Deinde
407 621 469 690 itta
489 617 665 718 fugienda
675 633 762 691 sunt
779 644 861 715 quae
873 621 998 692 alvum
1015 648 1104 719 prae-

130 734 237 810 duram
252 738 415 827 faciunt3
438 763 509 810 nec
531 762 574 810 ea
592 752 738 809 tantum
758 736 842 808 dico
863 763 945 834 quae
964 743 1105 836 permi-

129 870 200 929 nuta
208 856 329 930 oscula
338 854 606 953 adstringeudo
615 854 876 953 glandularum
891 910 901 944 ,
915 860 1105 948 intestina,

130 984 158 1041 et
171 1000 240 1072 quae
260 974 320 1046 his
337 974 597 1059 continentur,
616 971 930 1059 humectantium,
950 999 1027 1043 non
1051 1000 1106 1046 sa·

129 1088 351 1163 tishumoris
382 1090 535 1189 prodire
566 1091 716 1179 sinunt,
745 1093 903 1187 styptica
932 1091 1107 1162 videlicet

126 1222 215 1307 atque
234 1208 370 1282 acerba
397 1207 586 1295 crebrius,
605 1223 669 1278 aut
694 1207 833 1305 largius
850 1210 1011 1305 ingesta3
1043 1209 1108 1280 sed

123 1326 417 1399 cousuetudinem
436 1327 546 1397 etiam
558 1326 643 1395 dico
656 1325 775 1394 multo
788 1326 938 1423 parcius
955 1327 1108 1417 edendi,

119 1459 148 1517 tt
168 1445 372 1542 praesertim
389 1441 564 1527 bibendi,
588 1465 701 1538 quam
720 1438 816 1511 ferre
830 1443 947 1539 possit
961 1458 1106 1513 natura.

119 1563 161 1634 sic
179 1564 220 1633 in
239 1562 358 1658 Sarpii
384 1562 458 1630 vita
475 1558 650 1656 legimus,
674 1560 859 1656 cumipse
876 1559 1007 1654 junior
1029 1585 1109 1658 par-

119 1680 250 1753 :issime
279 1678 423 1765 ederet,
452 1675 547 1747 nihil
574 1690 698 1749 autem
723 1677 782 1747 vel
805 1677 934 1773 plures
960 1676 1008 1750 ad
1029 1677 1108 1751 dies

119 1798 272 1885 uberet,
298 1798 337 1866 in
365 1795 582 1867 diuturnam
613 1794 687 1864 alvi
712 1794 992 1866 adstrictionem
1020 1798 1109 1867 inci·

119 1918 215 2004 isse,
243 1938 318 2011 qua
336 1939 415 1984 non
443 1912 558 2003 modo
581 1927 666 1984 ante
684 1913 849 1984 triduum
876 1909 969 2000 fere,
995 1915 1112 1984 iuter·

119 2058 200 2133 ‚nin¹
217 2047 305 2103 aute
322 2031 402 2103 dies
421 2045 564 2128 septem
581 2028 678 2100 nihil
698 2027 894 2126 dejiceret,
918 2055 1049 2101 verum
1068 2045 1110 2103 ut
1209 2076 1212 2081 -
1268 2040 1272 2048 '

119 2153 284 2250 ejiceret
299 2148 471 2233 tandem,
487 2150 532 2219 iis
544 2148 600 2219 uti
612 2146 762 2218 nixibus
778 2163 994 2245 cogeretur,
1006 2148 1109 2221 unde

119 2270 261 2357 aalma,
281 2267 332 2338 ob
352 2265 667 2354 haemorrhoides,
679 2263 830 2337 dolores
849 2281 886 2336 ct
906 2266 1109 2338 molestum

119 2390 163 2465 ni
181 2387 402 2486 prolapsum
424 2383 579 2482 pertulit
595 2406 715 2454 anuos
735 2382 931 2480 plurimos.
948 2383 1062 2475 Quod
1079 2386 1111 2456 si

119 2530 251 2603 squar
265 2503 444 2591 diximus,
466 2500 622 2598 aliisque
642 2499 871 2596 ejuscemodi
892 2503 1033 2588 vitatis,
1055 2504 1112 2574 ui·

119 2623 313 2705 tilomiuus
328 2645 437 2718 aequo
454 2620 585 2691 durior
604 2642 682 2689 esse
699 2615 802 2688 alvus
821 2635 968 2714 pergat,
986 2645 1111 2716 neque

119 2737 379 2821 ¹miscrebrior
388 2737 539 2832 adjuvet
551 2734 802 2806 mollientium
815 2734 1007 2826 ciborum;
1017 2737 1113 2808 nulli

119 2859 164 2931 tii
178 2855 392 2930 subsidium
402 2854 498 2925 illud
514 2867 735 2952 postpones,
751 2877 798 2923 ne
814 2851 1113 2927 haemorrhoides

119 2974 152 3049 dt
169 2977 288 3057 nixus
304 2974 493 3060 oriantur,
506 2995 584 3068 quo
598 2971 718 3041 claros
732 2967 900 3040 medicos
917 2973 970 3040 uti
984 2970 1111 3061 video,

119 3076 264 3175 retortu
291 3088 478 3162 sintadeo
503 3089 603 3158 inter
621 3086 821 3158 nitendum
843 3087 1017 3159 molestae.
1049 3094 1112 3158 In-

119 3211 238 3289 iciunt
254 3206 296 3278 hi
313 3221 399 3279 aute
418 3205 669 3302 dejectionem
689 3205 838 3274 unciam
863 3205 958 3276 lenis
988 3207 1113 3302 cujus-

119 3329 205 3402 ›inm
224 3325 316 3412 olei,
337 3325 378 3394 in
398 3324 605 3420 primisque
625 3315 811 3393 seminum
831 3320 924 3391 lini:
945 3348 1025 3420 quo
1044 3349 1113 3398 nos

119 3467 261 3544 proque
278 3462 366 3515 cum
380 3441 534 3512 duriora
547 3454 781 3517 recrementa
792 3437 996 3511 mollienda
1011 3458 1116 3533 sunt,

119 3586 303 3658 mumque
328 3561 549 3632 intestinum
568 3556 851 3646 lubricandum,
870 3581 964 3656 saepe
992 3563 1045 3632 uti
1062 3586 1114 3639 ιο

119 3679 263 3783 eliciter
280 3674 702 3761 consuevimuseodem
724 3671 801 3746 fere
829 3674 1019 3771 pondere,
1048 3693 1114 3749 aut

119 3812 206 3870 :erte
219 3820 299 3879 nou
315 3796 435 3868 multo
450 3794 602 3890 majori,
619 3819 667 3864 ue
678 3794 859 3864 continuo
873 3790 1021 3881 refluat,
1035 3797 1112 3866 imo
1222 3885 1225 3889 .

119 3902 146 3987 u'
182 3913 326 3987 diutius
348 3914 578 3985 retineatur:
600 3935 819 4009 quanquam
847 3912 899 3981 sic
927 3913 1111 3985 olivarum

180 4037 215 4119 li·
899 4033 942 4115 14
