2580 4514
139 102 208 191 248
304 127 351 172 uu
377 122 523 173 surmus
536 84 591 171 ”ur
617 124 752 187 causrs,
766 126 987 197 uouuouuu,

72 319 75 330 ,
137 242 237 338 gyris
267 210 471 311 extremam
503 224 560 311 sui
591 254 734 337 partem
763 239 986 313 umbilicum
1010 260 1111 313 verm

138 372 416 454 contorquens,
445 382 521 428 non
554 356 793 455 repugnabo,
819 359 1024 455 praesertim
1050 382 1111 431 cau

136 475 371 547 Franciscum
393 475 557 572 Sylvium
587 475 791 572 intelligam
811 501 856 546 ex
878 476 1111 549 observatione

138 620 221 693 quae
243 594 280 663 in
301 594 535 691 Sepulchreti
556 596 722 665 sectione
741 594 811 664 hac
834 610 890 666 est
909 598 1001 682 XV;
1023 592 1112 666 fusius

139 728 262 783 autem
276 712 463 808 ‚descripta
478 710 614 808 legitur
625 712 662 781 in
676 715 725 780 IX
742 714 907 783 sectione
920 711 1010 782 libri
1028 716 1056 796 I,
1071 709 1115 782 ubi

137 844 192 900 est
200 827 586 925 XLVIleintelligam
603 883 612 916 ,
628 820 804 925 inquam,
826 828 960 898 iisdem
974 827 1116 900 cruciati·

136 946 208 1018 bus
221 946 407 1018 laborasse
423 947 531 1015 aliam
547 944 723 1016 feminam
744 946 954 1032 censuisse,
972 970 1050 1051 pon
1064 959 1119 1015 tau

138 1066 227 1162 quia
252 1079 446 1135 omentum
468 1089 544 1134 non
569 1069 695 1133 omnia
712 1064 886 1135 intestina
907 1078 1062 1162 tegens,
1078 1071 1124 1132 aut

115 1181 218 1252 baec
245 1180 419 1250 nonnihil
434 1182 518 1251 loco
545 1196 645 1250 mota
672 1179 899 1267 adnotasset,
919 1180 1019 1276 (hoc
1043 1180 1129 1250 enim

137 1298 239 1371 haud
261 1325 368 1387 raro,
386 1297 477 1368 iliud
495 1324 584 1369 vero
598 1300 793 1396 saepissime
810 1297 1000 1392 occurrit)
1017 1318 1134 1396 quam,

139 1418 210 1487 nisi
229 1416 434 1514 plurimum
452 1413 578 1502 fallor,
594 1417 680 1512 quia
705 1432 907 1513 utrumque
924 1415 1042 1513 paulo
1059 1428 1140 1486 ante

141 1536 351 1632 expositum
373 1536 590 1605 varietatum
620 1558 737 1631 genus
765 1536 802 1603 in
831 1534 961 1606 eadem
987 1532 1143 1615 femina,

139 1666 180 1722 ut
208 1651 336 1722 videre
368 1653 529 1749 poteris,
556 1650 866 1748 deprehenderat.
894 1651 1009 1741 Quod
1037 1652 1068 1723 si
1092 1645 1143 1720 ob

141 1768 326 1866 ejusmodi
340 1784 484 1840 tantum
500 1794 648 1840 causam
663 1769 768 1841 sedes
778 1784 1018 1841 mutarentur
1032 1770 1142 1840 intes·

140 1889 209 1958 tini
225 1887 296 1958 coli
313 1943 322 1974 ,
342 1904 437 1959 esset
451 1904 574 1958 tamen
596 1886 745 1958 errandi
764 1887 978 1985 perieulum
1000 1911 1047 1958 eo
1066 1910 1139 1956 ma·

141 2007 198 2102 gis
211 2004 439 2092 timendum,
460 2005 561 2102 quod
573 2004 645 2076 illis
656 2003 702 2075 de
717 2003 866 2076 sedibus
883 2006 922 2074 in
939 2005 985 2075 iis
1000 2002 1134 2102 potissi-

140 2149 244 2194 mum
260 2149 382 2195 sermo
399 2124 444 2195 sit
463 2124 528 2220 qui
546 2125 579 2194 ei
599 2123 720 2194 solent
739 2147 817 2196 esse
837 2147 954 2194 causae
976 2121 1136 2195 obnoxii:

140 2247 280 2313 Verum
306 2244 343 2311 in
365 2244 409 2312 iis
426 2243 535 2312 etiam
556 2265 717 2338 quorum
736 2255 791 2312 est
809 2240 1043 2313 ventriculus
1063 2264 1128 2310 am·

140 2359 240 2456 plior
252 2375 315 2430 aut
328 2361 435 2456 jecur
453 2358 650 2457 grandius,
666 2375 875 2430 transversa
889 2357 951 2428 illa
972 2359 1045 2430 coli
1059 2355 1127 2456 part

142 2502 223 2575 quae
242 2477 302 2548 his
325 2477 524 2573 subjicitur
541 2476 769 2564 visceribus,
789 2491 894 2547 tanto
918 2474 1075 2547 inferior
1087 2488 1129 2547 est

141 2611 281 2692 quanto
308 2595 386 2667 liaeo
414 2596 565 2691 majora.
596 2601 677 2667 Huc
707 2619 824 2666 causae
848 2595 1036 2667 accedunt
1062 2618 1129 2692 qua

139 2708 392 2784 ventriculum
415 2714 653 2811 deprimunt,
673 2729 811 2784 etcum
831 2737 875 2784 eo
895 2712 1032 2800 colon,
1049 2711 1129 2784 utin

102 2884 104 2889 ,
140 2834 286 2902 Veneto
298 2833 437 2927 juvene
456 2831 632 2904 accidisse
651 2830 813 2902 vidimus
835 2827 889 2927 (1)
907 2854 954 2903 ex
970 2829 1131 2904 abnormi

141 2947 483 3045 spiamintlexione.
510 2950 581 3021 Sed
608 2965 741 3047 praeter
763 2947 938 3035 morbos,
964 2940 1132 3022 constitu·

140 3067 262 3138 tiones
283 3093 436 3165 quoque
465 3085 551 3139 sunt
573 3092 775 3166 corporum
799 3065 1009 3138 secundum
1035 3082 1132 3139 natu·

140 3208 240 3272 ram,
260 3185 299 3253 in
323 3211 487 3282 quorum
506 3184 586 3256 aliis
603 3185 680 3256 aliae
701 3201 786 3256 sunt
810 3184 883 3256 coli
909 3177 1025 3257 'sedes
1050 3188 1130 3256 Nam

137 3300 251 3370 &tiam
268 3299 437 3388 abortu,
455 3315 497 3371 ut
517 3302 629 3397 paulo
642 3301 940 3372 anteindicatum
953 3317 1008 3372 est
1018 3356 1028 3389 ,
1039 3301 1131 3372 aliter

177 3669 221 3747 (1)
244 3671 338 3746 Epist.
359 3679 390 3742 4,
408 3693 438 3728 n.
457 3675 502 3731 16.

1163 138 1174 185 i
