2580 4514
187 449 256 494 mn.
273 447 330 496 111.
351 444 397 491 nn
415 443 550 490 nonnis
569 443 740 505 verrius,
758 443 868 490 nrrsr.
888 445 1041 489 xxxviii.
1071 418 1138 516 547
1182 494 1187 504 ,

155 859 390 941 EPISTOLII
415 856 914 941 ANATOIIIICO-IIIIIDICA
936 851 1128 931 XXXVIII.

139 1096 282 1191 Agitur
298 1090 346 1169 de
364 1004 545 1189 Hydrope
563 1077 709 1178 Aseite,
731 1093 973 1187 Tympanite,
1000 1057 1162 1295 Peritys

217 1284 227 1295 5
242 1213 331 1301 neni,
348 1224 385 1279 et
402 1207 449 1279 de
462 1207 548 1279 aliis
562 1234 654 1306 quus
669 1211 846 1287 Saecatos
864 1213 1044 1285 vocitant.

142 1414 409 1545 Lunerssims
425 1489 507 1562 qum
523 1463 570 1540 ad
589 1477 625 1537 te
647 1489 769 1560 nuper
792 1490 813 1537 a
837 1490 898 1536 me
919 1464 1011 1538 datae
1036 1484 1142 1559 sunt,

140 1584 277 1661 litteris
288 1607 421 1657 vereor
432 1607 481 1658 ne
494 1581 614 1657 multo
630 1581 819 1679 longiores
833 1583 1043 1674 succedant,
1055 1610 1143 1659 cum

143 1699 330 1798 prolixam
354 1697 448 1780 adeo
470 1699 509 1771 in
525 1697 771 1795 Sepulchreto
787 1722 865 1771 esse
886 1699 994 1772 video
1014 1703 1146 1774 sectio·
1170 1784 1172 1789 ¹

143 1843 235 1899 uem
248 1822 352 1905 XXI,
368 1819 475 1914 cujus
492 1840 594 1889 nunc
610 1817 717 1912 sequi
732 1832 994 1913 argumentum
1008 1818 1145 1908 debon,

128 1936 194 2024 ,da
212 1943 351 2009 ventris
370 1939 545 2019 Tumore,
570 1933 760 2031 Hydrope.
788 1937 881 2005 Nam
898 1935 937 2005 in
960 1939 1045 2006 XIX
1061 1963 1143 2034 quer

140 2053 196 2129 de
213 2055 413 2137 Scorbute,
428 2065 492 2122 aut
507 2051 546 2121 in
565 2053 632 2119 XX
647 2075 727 2146 quae
744 2051 792 2125 de
816 2053 1021 2141 eucheria,
1035 2057 1144 2126 Ana·

140 2192 279 2256 sarna,
305 2166 659 2272 Leucophlegmatia
682 2167 863 2264 inscripta
888 2183 961 2255 est,
983 2195 1061 2240 non
1089 2160 1146 2244 est

140 2311 213 2360 cur
239 2311 384 2374 morer,
409 2282 562 2381 quando
588 2284 633 2352 iis
651 2283 691 2353 in
716 2283 923 2354 civitatibus
942 2284 1008 2357 ubi
1027 2288 1143 2361 vitam

138 2405 257 2489 duxi,
284 2427 458 2502 perrari),
495 2403 525 2473 si
555 2425 723 2497 unquam
752 2425 772 2469 a
799 2400 979 2476 scorbutu
1010 2403 1142 2500 aliquis

141 2505 340 2599 eenfeotus
363 2534 440 2608 est,
466 2517 554 2593 aIIbi
580 2531 704 2589 autem
727 2515 987 2593 confectorum
1007 2518 1144 2595 dissec-

139 2642 266 2719 tiones
291 2639 426 2737 passim
456 2636 641 2733 reperies,
663 2649 700 2706 et
725 2634 930 2732 singulares
962 2639 1143 2734 quasdam
1222 2672 1227 2683 ¹

141 2756 244 2860 apud
263 2751 567 2852 Poupartium(1)
584 2767 620 2825 et
632 2752 821 2824 Mendium
838 2754 909 2849 (⁴2),
926 2769 1001 2827 tres
1016 2771 1142 2832 autem

141 2877 207 2949 isti
231 2874 292 2947 alii
319 2871 443 2949 morbi
464 2870 648 2967 ejusmodi
677 2886 779 2956 sunt,
806 2887 848 2943 ut
875 2872 987 2969 Iunge
1011 2874 1146 2948 melius

143 3007 210 3070 aut
228 3007 328 3065 certe
345 2989 581 3063 commodius
596 2989 667 3059 alio
687 2987 907 3060 referantur.
927 2995 1059 3088 Itaque
1073 2992 1146 3076 iste

143 3135 230 3208 quae
249 3108 337 3206 ipsis
355 3106 533 3180 tribuitur
547 3107 685 3192 secti0,
705 3105 772 3176 ubi
788 3105 928 3179 scholia
949 3105 1142 3209 detrahas,

141 3243 182 3302 et
200 3226 479 3300 ohservationes
494 3249 594 3323 quae,
608 3239 649 3294 ut
662 3223 797 3296 diserte
809 3223 1078 3315 admonemur,
1095 3226 1143 3298 ad

144 3344 289 3432 febres,
321 3341 521 3440 phthisim,
555 3343 697 3412 ventris
725 3341 876 3413 dolores
910 3357 1145 3432 tumoresve,

144 3449 431 3533 mel'anchuliam
442 3514 451 3545 ,
464 3459 660 3556 paralysim
671 3512 680 3545 ,
691 3458 926 3556 dyspnoeam,
940 3485 1146 3558 syncopem

144 3579 265 3656 aliove
283 3577 460 3666 attinent,
480 3590 517 3647 et
533 3601 692 3673 quarum
706 3575 830 3673 aliqua
843 3577 1034 3658 interdum
1044 3575 1146 3675 repe·

186 3881 231 3957 (1)
253 3880 340 3935 Me'm.
356 3877 392 3947 de
404 3877 515 3933 I’Acad.
528 3879 600 3952 Roy.
613 3878 664 3935 des
677 3877 829 3948 ScIences,
844 3893 890 3930 an.
908 3876 993 3948 1699.

183 3979 230 4059 (n)
252 3979 361 4038 Monit.
378 3978 455 4034 med.
473 3997 498 4038 c.
520 3978 565 4034 16.
679 4006 693 4037 .

945 4071 1005 4148 35*

926 4290 935 4322 Ι
