2580 4514
189 378 192 384 ’
253 383 326 454 610
423 402 469 447 nr
495 396 642 446 samius
667 398 710 444 ar
735 396 861 446 causis
889 397 1109 449 uonruuuu

236 512 356 613 'genti
376 511 604 584 conveniret.
614 514 843 594 Persectum,
864 512 990 608 paulo
1013 513 1251 613 ubique‚pra·

252 647 424 728 torquant
438 630 477 700 in
490 627 642 726 Spigelii
661 624 807 718 lubido,
822 631 859 699 e't
873 627 1064 725 pallidius
1086 648 1124 703 et
1144 631 1250 704 durius

171 788 176 803 =
252 750 401 823 inueni:
422 746 537 819 bilem
565 758 689 816 autem
718 745 758 816 in
787 746 869 840 ejus
895 748 1073 819 vesicula
1092 773 1251 846 paucam,

252 891 297 939 ex
322 864 417 937 ssavo
446 861 681 949 subsanam,
700 859 909 948 turbidam,
932 862 1137 935 viscidam.
1157 868 1249 954 lien,

253 984 327 1055 uisi
348 981 456 1080 quod
482 1005 591 1077 aequo
617 979 758 1074 major,
781 980 884 1050 intus
905 1004 1029 1053 sanus
1049 979 1142 1053 fuit:
1164 997 1202 1054 ut
1213 1007 1249 1054 sa·

239 1099 501 1179 inuseratlien
513 1095 766 1184 altem-multis
776 1095 952 1192 partibus
962 1100 1120 1188 minor,
1136 1102 1249 1198 quippe

252 1218 437 1291 diametro
452 1214 560 1312 digiti
569 1213 787 1298 transversi,
803 1216 871 1310 qui
889 1215 1247 1291 subrotundusinter

251 1360 337 1407 vasa
356 1332 531 1419 herebat,
547 1329 862 1427 membranaeque
873 1332 925 1402 ad
939 1335 1134 1430 majorem
1148 1336 1247 1432 attiga-

251 1466 327 1537 ἰαί,
343 1449 433 1523 buic
449 1449 615 1533 vicinus,
632 1446 697 1519 sed
708 1447 865 1549 omuino
881 1450 1107 1544 sejunctus,
1132 1455 1248 1523 intenn

253 1582 439 1645 structura
459 1565 588 1638 eadem
605 1587 775 1661 prorsus,
794 1563 1019 1665 eodemque
1037 1569 1183 1642 colore.
1199 1565 1247 1639 Sel

201 1728 206 1739 ·
250 1686 294 1759 in·
312 1686 463 1780 majoris
485 1683 598 1779 lienis·
609 1682 753 1769 tunica,
775 1694 912 1778 praeter
937 1683 1095 1781 aliquot
1132 1684 1245 1784 hydali·

251 1801 318 1873 des
330 1855 347 1888 ‚.
359 1801 583 1898 corpuscula
602 1800 736 1896 passim
758 1798 1039 1895 prominebant
1063 1803 1243 1876 subruun-

251 1918 317 2002 du,
335 1917 438 2001 albe,
457 1933 494 1989 et
510 1917 623 2005 dura,
642 1914 902 2011 magnitudine
927 1921 1063 2008 varia,
1093 1921 1242 2019 pleraque
1279 2012 1281 2017 Δ

251 2049 376 2111 tamen
400 2035 492 2107 milii
515 2033 640 2132 granis
677 2031 867 2128 aliquanto
897 2035 1064 2129 majora.
1091 2036 1243 2109 Extahau
1278 2028 1282 2199 ι

253 2152 382 2226 eadem
400 2152 460 2224 hio
478 2151 558 2223 illie,
569 2151 607 2222 iu
621 2148 712 2221 facie
728 2150 909 2223 interiore
932 2155 1158 2249 peritum,
1175 2154 1240 2224 etir
1279 2218 1282 2223 .

252 2271 433 2343 exteriore
458 2267 739 2351 intestinorum,
763 2270 937 2338 tenuium
957 2273 1191 2366 praesertim‚
1207 2270 1240 2338 ir

250 2412 324 2484 qua
342 2402 449 2461 erant
467 2386 605 2482 pariter
618 2381 825 2480 hydaiiues.
840 2389 986 2457 Harum
1010 2391 1172 2462 maxima
1186 2409 1241 2486 par

250 2529 338 2579 vum
357 2528 514 2601 pomum
534 2500 739 2573 rotundum
752 2499 953 2597 aequabat,
963 2502 1156 2581 diametro
1171 2505 1241 2601 Αἰξί

252 2635 379 2695 torum
399 2621 582 2707 duorum,
595 2619 691 2697 vasis
702 2644 747 2689 ex
759 2618 940 2695 intestino
957 2622 1241 2720 sanguiferisper

251 2739 351 2813 illius
369 2738 628 2810 membranam
640 2761 677 2808 se
690 2736 1019 2833 producentibus,
1039 2745 1127 2815 etin
1143 2759 1241 2812 ramos

251 2855 514 2929 dividentibus.
530 2860 675 2951 Aquam
694 2853 912 2927 continebat
930 2848 1051 2928 nullo.
1068 2857 1181 2933 ferme
1198 2879 1240 2926 co
1280 2838 1283 2857 ¹

251 2975 335 3047 lore
349 2974 566 3072 praelitam,
588 2997 632 3043 ex
656 2987 760 3069 parte
786 2987 913 3070 autern
938 2951 1154 3049 mucosam.
1169 2978 1239 3047 Par·

139 3142 148 3157 .
250 3116 354 3164 oreas
380 3090 592 3179 subdurum
624 3086 705 3160 fuit.
732 3087 926 3160 Glandulae
959 3081 1097 3175 autem
1129 3090 1240 3191 quibus

249 3209 346 3281 ultra
362 3208 568 3279 naturalem
582 3205 740 3277 modum
753 3207 871 3278 auctis
884 3211 996 3303 quasi
1010 3211 1239 3307 plenum-erat

250 3349 487 3412 mosaraeum,
503 3324 642 3399 duritie
667 3339 705 3397 et
725 3322 898 3398 albedine
919 3321 1087 3407 fuerunt
1109 3329 1239 3403 omnino

157 3508 160 3514 .
248 3442 1239 3539 skirrhosarraeeipuum-tamen.‚-etpeeuttarevuiuu

249 3564 287 3635 in
308 3558 636 3658 testiburstubis,
667 3561 827 3656 ipsoque
852 3561 1238 3663 uternadeprelmudi:

135 3721 138 3728 ·
249 3680 353 3776 quud
368 3681 541 3757 inutero
556 3703 635 3749 non
654 3679 726 3755 nisi
746 3703 816 3777 per
834 3681 1116 3779 sectionem-oo
1138 3678 1239 3784 prodi

247 3794 321 3880 dit3
338 3796 381 3866 in·
392 3794 757 3883 restibusautemet
771 3792 873 3871 tubis
888 3795 995 3871 ultro
1018 3801 1063 3875 in
1080 3779 1238 3899 eonspev·

248 3925 327 3985 tum
355 3917 467 3983 venit.
496 3918 558 3985 Ha
589 3915 689 3987 enim
712 3927 853 4011 partea-
868 3915 1238 4019 unomenaritorir
