2580 4514
140 337 185 422 at
302 353 349 405 m
375 353 522 406 sentens
546 352 590 405 rr
615 354 738 406 cassis
764 353 971 406 tronaomn

137 473 247 544 latim
280 486 441 569 augetur
469 498 477 538 :
507 496 581 543 vox
604 472 804 559 amittitur,
829 473 869 541 in
895 468 1142 569 deglutiendo

138 615 218 661 non
228 589 319 661 levis
331 589 442 660 dolor
453 615 462 678 3
473 587 548 661 cibi
557 590 683 688 portio
691 590 731 659 in
741 586 910 660 saucibus
923 587 1144 659 remanebat

139 731 220 805 quae
244 706 383 779 sensim
403 721 534 804 postea
559 708 599 777 in
626 729 668 778 os
688 704 852 788 redibat,
870 704 1079 792 interdum,
1100 719 1144 775 ut
1170 710 1174 715 ’

137 815 541 922 videbatur,corrupta
556 847 563 892 :
581 823 777 896 marcescit
789 847 946 921 corpus,
966 822 1062 893 nihil
1082 847 1144 892 ex-

67 940 73 953 '
137 941 256 1015 terius
270 957 406 1040 praeter
424 956 600 1045 naturam
618 943 869 1040 conspicitur3
887 941 1034 1013 sinistra
1045 938 1145 1011 dun·

138 1073 239 1131 taxat
253 1059 451 1130 maxillaris
465 1059 612 1138 interna
626 1057 803 1156 glandula
816 1059 1022 1157 percipitur
1033 1056 1148 1128 indu·

139 1191 228 1248 rata.
240 1181 422 1274 Repente,
431 1177 538 1272 quasi
548 1172 760 1260 suffocatus,
774 1177 944 1247 moritur.
958 1173 1146 1246 Glandula

140 1293 256 1366 modo
271 1308 489 1381 memorata,
500 1293 607 1378 dura,
617 1291 781 1366 habebat
790 1292 836 1364 ad
845 1292 940 1364 latus
953 1288 1146 1363 internum

139 1412 333 1483 materiam
365 1410 567 1483 albuminis
594 1411 763 1483 similem.
795 1411 922 1482 Plures
950 1424 1076 1481 autem
1106 1410 1146 1478 in

102 1581 105 1584 -
139 1526 365 1627 pharynge,
393 1542 430 1599 et
463 1526 510 1598 ad
537 1551 720 1600 summam
751 1528 943 1626 laryngem
977 1521 1147 1598 tumores

140 1643 496 1742 conspiciebantur,
512 1645 579 1741 qui
598 1644 860 1717 carcinomatis
875 1643 1066 1725 habebant
1081 1667 1147 1713 na-

140 1774 276 1833 turam.

149 1928 152 1933 -
191 1878 1147 1980 10.Juvenisquoquepostconsimiliamorbisigna,

146 1996 281 2068 eodem
307 1995 424 2069 ferme
449 2014 559 2097 pacto
582 2015 780 2086 mortuus,
809 1998 978 2094 ejusdem
1006 2012 1148 2067 naturae

140 2129 308 2187 tumores
333 2115 525 2204 ostendit,
552 2119 756 2215 praesertim
783 2115 830 2187 ad
858 2139 1071 2215 supremam
1096 2100 1148 2185 lass

141 2233 271 2329 ryngis
286 2247 451 2330 partem,
470 2249 506 2305 et
523 2236 693 2332 proxima
711 2235 917 2333 pharyngis
934 2233 1060 2304 latera.
1076 2231 1148 2303 Sed

139 2362 309 2422 tumores
322 2350 516 2421 nonnullis
529 2351 567 2421 in
590 2351 683 2423 locis
700 2353 777 2447 jam
799 2365 906 2422 erant
923 2349 1148 2437 exulcerati,

48 2536 50 2540 ,
141 2467 337 2564 ipsamque
357 2467 614 2566 epiglottidem
629 2469 736 2539 ulcus
755 2463 1021 2565 perforaverat.

183 2609 209 2656 ⁴1
220 2611 249 2655 1.
263 2584 376 2676 Quod
386 2584 433 2655 ad
444 2587 640 2682 utriusque
653 2565 890 2685 repentinam
903 2585 1034 2655 attinet
1046 2607 1149 2655 mor-

148 2716 251 2791 tem,
271 2703 361 2774 hinc
382 2701 606 2775 confirmare
628 2703 770 2802 poteris
796 2701 899 2800 quod
922 2701 1149 2790 Valsalvam,

143 2816 487 2895 hosduosfortasse
498 2821 846 2920 spectantem,mihi
856 2820 990 2891 dixisse
1000 2811 1148 2917 alias('1)

143 2937 298 3034 scripsi,
323 2963 368 3008 ex
390 2941 491 3037 gravi
518 2940 680 3037 laryngis
706 2941 798 3010 vitio
824 2962 861 3010 se
886 2935 945 3008 bis
962 2936 1149 3032 ejusmodi

142 3068 305 3125 mortem
338 3055 569 3134 observasse.
601 3061 631 3126 A
657 3082 718 3128 me
747 3081 900 3154 quoque
928 3055 967 3126 in
1001 3055 1147 3152 virgine

143 3169 338 3244 observata
355 3187 431 3262 est,
455 3157 501 3246 de
521 3199 595 3270 qua
615 3173 756 3246 ibidem
772 3174 1090 3260 commemoravi,
1111 3187 1149 3244 et

144 3285 299 3361 fortasse
324 3291 435 3362 etiam
457 3272 674 3364 incantore
694 3291 1013 3391 praestantissimo,
1032 3314 1147 3386 quem

144 3402 385 3478 manifestum
403 3407 443 3480 in
463 3404 633 3482 faucibus
647 3410 756 3482 ulcus
769 3408 945 3496 vexabat,
960 3430 1147 3479 summam

144 3519 305 3594 afferens
330 3517 589 3597 difficultatem
611 3526 854 3625 deglutiendi.
881 3524 953 3596 Sed
966 3525 1146 3622 quoniam

181 3892 224 3972 (ι)
246 3894 339 3970 Epist.
353 3914 407 3965 22,
422 3916 453 3952 n.
467 3895 515 3953 25.
