2580 4514
190 393 259 442 tm.
279 396 333 442 nr.
363 392 409 441 ns
428 395 563 443 nonnis
582 397 751 460 vrnrms,
778 397 887 445 rrrsr.
908 397 1042 444 xxxvrr.
1071 379 1137 469 491

138 509 415 583 tumexhibeat
426 511 687 597 ictericorum,
708 513 910 583 secundam
926 529 963 582 et
979 537 1139 593 nonam,

138 630 181 699 in
199 627 262 698 illa
275 625 376 698 idem
392 628 516 701 viscus
534 630 715 726 proponit
729 628 939 700 morbidum
954 644 990 700 et
1004 628 1144 700 ulcero·

135 771 245 833 sum,
262 746 301 816 in
317 744 386 816 hac
399 771 539 843 magna
555 770 598 817 ex
609 761 725 845 parte
731 747 932 845 putridum
951 771 1036 818 cum
1051 753 1143 820 vesi·

137 863 231 936 cula
242 863 368 954 fellea
387 879 463 934 tota
483 880 719 963 consumpta,
741 880 783 934 ut
798 869 834 933 in
854 864 1145 963 mediaputrila·
1207 850 1210 855 ¹

135 986 228 1078 gine
241 979 405 1053 calculus
415 997 581 1079 repertus
592 987 647 1052 sit.
661 983 838 1079 Suspicor
850 997 992 1071 autem,
1010 983 1039 1054 si
1050 998 1143 1080 quo·

138 1096 317 1171 rumdam
334 1098 431 1182 alim,
455 1124 537 1196 quae
564 1097 834 1198 proferuntur,
863 1099 1143 1171 observationes
1215 1138 1217 1144 2

140 1239 226 1287 non
245 1213 367 1287 obiter
382 1218 545 1314 scriptae,
562 1216 627 1288 sed
643 1219 722 1313 pari
735 1216 927 1314 diligentia
943 1231 978 1286 et
992 1215 1145 1305 habitae,

138 1349 179 1407 et
197 1333 341 1405 traditu
357 1349 499 1420 essent,
519 1331 687 1406 futurum
711 1331 821 1404 fnisse
836 1350 874 1404 ut
887 1348 1021 1431 praeter
1036 1335 1146 1430 cystis

139 1449 327 1538 calculoS,
341 1476 435 1550 saepe
449 1453 538 1522 alias
551 1451 660 1522 simul
671 1454 710 1521 in
724 1452 876 1538 vicinia,
892 1465 928 1522 et
941 1452 1145 1547 praesertim

139 1567 184 1637 in
211 1567 376 1666 hepate,
400 1570 497 1639 intra
529 1569 656 1665 quod,
686 1571 757 1640 nisi
787 1570 1004 1666 perquiras,
1031 1568 1145 1639 latere
1244 1564 1246 1568 ⁴

138 1685 256 1755 etiam
284 1702 466 1783 possunt,
489 1686 655 1758 laesiones
684 1703 895 1784 compertas
924 1686 1145 1783 legeremus.

141 1800 416 1875 Producuntur
430 1805 542 1874 etiam
559 1803 762 1900 aliquando
780 1804 1060 1876 observationes
1077 1804 1148 1873 mi-

139 1942 219 2001 nus
231 1937 400 1992 recentes
410 1921 500 2010 ised
515 1922 574 1992 vel
589 1923 731 2010 minus,
744 1939 786 1993 ut
799 1942 929 1994 verum
946 1918 1081 2009 latear,
1098 1921 1146 1991 ad
1206 1967 1207 1970 =
1231 2004 1236 2015 Ι

138 2062 226 2111 rem
246 2036 442 2127 iacientes,
461 2054 502 2110 ut
527 2055 617 2136 puta
637 2040 829 2111 Dominici
847 2042 967 2112 nostri
984 2040 1031 2111 de
1049 2045 1147 2110 Mar·

140 2155 281 2228 chettis
294 2158 371 2254 (ι),
391 2159 497 2254 qnasi
510 2160 700 2228 icteruma
715 2160 826 2254 cystis
848 2157 1000 2228 calculis
1013 2157 1147 2229 vidisse

140 2298 184 2346 se
200 2274 353 2347 diceret.
382 2276 448 2347 Ille
465 2301 556 2346 vero
581 2279 755 2362 cum‘ait,
773 2277 962 2346 obstructa
989 2274 1147 2346 vesicula

139 2394 194 2464 ab
210 2392 520 2489 aliqua,materia
545 2409 613 2463 aut
632 2392 759 2490 lupide
786 2396 807 2482 (
817 2389 1026 2490 aliquando
1051 2399 1148 2462 enim

139 2517 267 2583 tirreni
291 2518 329 2581 in
356 2518 439 2609 ipsa
462 2511 628 2583 vesicula
646 2527 718 2582 tres
733 2526 802 2580 aut
818 2525 982 2609 quatuor
1008 2511 1150 2610 lapides

139 2627 401 2726 magnitudine
419 2633 564 2722 ciceris)
583 2635 740 2700 icteritia
752 2631 859 2725 flava
880 2629 1150 2834 excitaturssla·

141 2744 254 2844 pides
275 2745 437 2843 quidem
443 2747 490 2816 ab
510 2772 548 2819 se
564 2747 641 2818 ibi
634 2747 806 2817 inventos
822 2745 912 2816 dicit
955 2769 1007 2816 sic
1024 2736 1072 2815 ati'
1112 2764 1149 2814 m

143 2880 189 2936 ut
206 2878 299 2935 tunc
311 2865 512 2936 vesiculam
530 2865 789 2952 obstruerent,
806 2879 842 2935 et
860 2866 1018 2935 icterum
1036 2882 1151 3004 prop·

146 2998 251 3054 terea
261 2975 427 3054 lacerent
440 2980 640 3081 ,profecto
656 3007 733 3053 non
755 2981 855 3053 dicit.
1019 3000 1058 3044 *-

198 3099 258 3172 33.
287 3104 427 3171 Verum
449 3103 620 3198 sepositis
636 3101 686 3172 ob
705 3100 1047 3171 animadversiones
1071 3099 1153 3170 illas

147 3244 242 3316 quas
258 3218 439 3291 hactenus
454 3219 631 3309 indicavi,
651 3219 710 3291 his
725 3218 903 3290 omnibus
922 3217 1153 3290 observatio-

147 3336 281 3424 nibus,
305 3337 461 3434 aliisque
490 3361 618 3408 earum
649 3336 854 3424 similibus,
876 3361 962 3408 cum
981 3336 1152 3434 quaedam

147 3469 315 3543 restent,
331 3454 378 3526 ad
392 3479 486 3551 quas
496 3455 590 3524 nihil
601 3453 755 3526 fortasse
765 3455 1045 3552 possitistorum
1058 3453 1153 3541 dici,

148 3596 295 3670 quaeres
310 3598 355 3644 ex
368 3598 444 3658 me,
465 3597 538 3670 qua
555 3574 699 3644 ratione
719 3571 922 3669 aliquando
944 3573 1078 3643 calculi
1095 3596 1154 3641 ve·

187 3941 232 4022 (1)
255 3945 345 3996 Anat.
366 3962 390 3997 c.
409 3950 436 4010 4.
