2580 4514
114 395 182 441 mr.
203 392 258 445 ιιι.
277 394 324 443 uu
343 389 478 444 iromus
494 388 664 453 verume,
682 389 793 441 nrrsr.
814 391 964 441 xxxvm.
992 367 1063 441 623
1121 451 1135 464 Μ,

60 507 131 585 tuit
152 530 229 581 non
253 504 368 581 semel
383 518 529 580 tentum
548 500 613 576 sed
630 482 689 576 bis
707 501 840 588 relata,
867 529 944 578 non
972 531 1065 603 pau·

62 626 185 701 eiures
205 621 360 697 fortasse
390 645 503 718 quam
529 621 595 716 qui
625 619 786 716 simplici
812 619 987 716 glandula
1010 625 1067 698 usi

58 757 175 828 sunt,
199 740 355 815 asseclas
374 738 524 824 habuit,
542 753 577 810 et
595 737 801 811 nonnullos
815 738 924 811 etiam
938 743 1004 835 qui
1017 739 1065 813 ad

60 885 147 937 eam
174 858 462 956 explicationem
480 854 650 951 quaedam
672 852 867 941 addendo,
894 840 1067 952 probabi·

63 977 198 1051 liorem
216 992 259 1051 ut
280 975 499 1058 redderent,
520 970 775 1049 elaborarunt.
800 975 973 1062 Quorum
989 999 1066 1073 ¹ego

58 1096 235 1169 omnium
270 1091 492 1194 industriam
520 1087 654 1167 laudo:
676 1089 753 1158 imo
774 1112 845 1185 pro
873 1088 1068 1163 Warti'roni

57 1213 247 1287 sententia
269 1225 324 1281 tot
341 1209 423 1281 illas
439 1206 558 1281 facere
576 1207 714 1279 vesicas
738 1205 957 1294 credider0‚
974 1231 1070 1303 quas

59 1331 210 1418 Per-sius
225 1328 283 1425 (ι)
298 1326 443 1399 viderat
455 1323 667 1423 duplicatos
681 1376 691 1412 ,
707 1323 812 1396 velut
824 1330 862 1393 in
879 1330 1069 1422 carptont-

56 1447 133 1529 ‚bnt
156 1451 392 1527 eximuntur,
417 1443 557 1553 quippe
583 1441 673 1513 hina
695 1442 858 1512 necdum
876 1444 1067 1537 sejuncta,

59 1563 264 1639 interstitia
291 1574 623 1657 repraesentantes,
645 1574 688 1630 ut
701 1559 859 1650 funicul
857 1584 899 1631 οι
915 1585 1068 1656 quoque
1100 1655 1103 1663 μ

60 1680 153 1775 pilos
158 1679 248 1778 pel
219 1677 397 1765 llncidos,
414 1703 464 1749 ex
483 1678 652 1748 tenuibus
667 1676 839 1748 vesiculis
857 1683 965 1773 quasi
982 1702 1069 1749 con-

60 1803 247 1871 catenatis
276 1809 500 1883 constanter,
529 1819 695 1890 quorum
727 1795 905 1867 multos
896 1822 934 1865 m
961 1797 1069 1892 aquis

61 1916 303 1987 aseiticorum
324 1911 514 1984 interdum
532 1914 729 2010 conspexit
748 1913 987 2010 Mendius(2).
1001 1919 1071 1986 Ve-

64 2057 155 2105 rum
168 2047 210 2103 ut
221 2030 417 2128 hydattdes
432 2029 520 2101 airas
534 2055 577 2100 ex
592 2029 754 2127 simplici
768 2030 964 2128 glandula
982 2033 1070 2121 alias
1111 2043 1114 2051 '

64 2175 114 2224 ex
146 2147 332 2245 ejusmodi
365 2147 570 2217 interstitiis
600 2160 700 2243 certa
731 2146 893 2242 quadam
926 2150 1071 2220 ratione
1122 2146 1124 2155 ’

45 2289 179 2367 ιῙιιιειιιι
194 2266 317 2362 repeti
346 2289 425 2335 uon
457 2263 496 2334 di
498 2248 717 2381 fiteorpffi
720 2286 852 2335 omnes
878 2265 1072 2362 quomodo

69 2385 195 2482 repeti
214 2385 359 2481 possint
381 2407 460 2453 uon
483 2379 603 2452 video
623 2366 698 2451 Diti
721 2383 820 2451 enim
851 2399 904 2453 est
929 2407 974 2452 ex
993 2409 1070 2480 quo

47 2501 280 2598 ,Ruyschius
300 2500 353 2595 (3)
373 2499 571 2570 admonuit
583 2499 791 2595 ,plurimas
804 2499 995 2570 interdum
1008 2501 1072 2598 hy-

46 2617 215 2715 7datides
233 2617 273 2687 in
294 2617 391 2687 uteri
411 2617 604 2714 placenta,
628 2630 670 2686 ut
692 2640 762 2687 nos
785 2624 939 2712 quoque
965 2642 1073 2690 cons·

10 2756 13 2763 ’
65 2735 266 2834 perimus,
283 2732 543 2830 deprehendi,
561 2734 715 2830 aliisque
736 2735 824 2805 item
843 2733 883 2808 in
904 2735 1073 2830 partibus

52 2853 115 2949 Ιἰιιι
127 2850 268 2947 quib-us
283 2849 581 2946 lym'phoeductns
606 2851 698 2921 nulli
718 2852 969 2936 inveniuntur,
1000 2857 1074 2925 Ita-

68 2993 150 3067 <pue
161 2965 524 3059 censuithydntidas
544 2993 618 3039 esse
635 2973 883 3039 extremitates
897 2992 1075 3040 uasorum

15 3074 30 3085 ²
65 3085 397 3180 sangugferorum,
419 3109 506 3179 quae
527 3091 694 3182 priorem
726 3111 831 3156 suam
855 3093 1076 3157 mutaverint

66 3215 269 3287 naturam,
296 3215 411 3297 utque
429 3206 467 3271 in
485 3205 663 3274 vitiosam
689 3201 991 3299 degeneraverint
1004 3206 1076 3296 fa·

54 3320 227 3391 bricam.
251 3323 345 3388 Sunt
362 3333 398 3390 et
418 3319 505 3414 qui,
521 3319 550 3388 si
569 3343 733 3415 aquosus
746 3320 886 3390 humor
905 3345 982 3390 non
997 3347 1076 3393 mo·

10 3435 123 3537 ..do
140 3461 185 3505 ex
202 3434 549 3532 lymphaeduetuum
565 3435 768 3530 parietibus
780 3436 953 3542 nonnihil
971 3441 1075 3528 laesis,

47 3742 58 3769 ⁴
113 3733 257 3811 (nlbtd.
275 3734 334 3802 §6-

113 3834 144 3914 (ι
127 3834 158 3898 2)
180 3831 286 3886 Monit
299 3832 459 3889 medei-u

113 3930 157 4012 (3)
183 3932 304 3986 Advers.
315 3922 455 4001 dee-mist
472 3951 498 3986 ι
511 3931 577 3995 Vid
587 3942 616 3986 et
626 3928 699 3993 thes
710 3920 819 4001 ditali
831 3932 858 4006 5,
870 3934 892 3992 f
906 3880 1037 4012 dutseq.
