2580 4514
60 328 67 339 ²
156 351 229 440 416
300 374 347 419 on
373 370 518 419 surinus
542 372 586 417 cr
612 370 737 418 cnusrs
761 371 979 420 norinorum

156 510 384 585 quaeremus,
409 509 495 555 curn
514 483 591 555 duo
608 483 671 556 hic
694 486 734 555 in
754 484 1011 583 Sepulchreto
1030 487 1083 586 (r)
1095 488 1141 567 hs

152 603 329 691 beamus,
342 601 499 673 Ballonii
511 626 631 673 unum
647 602 686 672 in
699 601 1142 690 adolescentulo,comitit

154 719 337 791 Chaulnei
366 719 467 807 lilio,
490 720 713 791 Guarinonii
732 720 897 794 alterum
915 722 958 793 in
988 722 1143 795 cardinali

153 836 299 909 Slortia.
324 838 419 907 Huic
439 837 593 908 icterico
622 863 708 909 cum
734 835 849 910 febris
875 855 977 912 esset
1002 841 1143 939 primum

152 954 289 1041 latens,
306 968 347 1024 ut
359 951 515 1041 medici,
530 954 601 1026 nisi
617 968 817 1052 postquam
833 955 965 1026 acrior
979 970 1036 1027 est
1054 952 1143 1041 lacn,

151 1095 230 1141 non
251 1085 515 1170 agnoscerent,
528 1070 601 1141 levi
611 1070 833 1168 desipientia
844 1089 1068 1171 correptus,
1082 1096 1143 1171 pos

150 1201 208 1259 tea
226 1185 330 1259 febre
349 1188 486 1258 acriori
504 1184 599 1258 facta
613 1241 623 1274 ‚
638 1188 843 1284 jactatione
861 1212 1016 1273 summa
1035 1213 1142 1288 corpo

150 1307 224 1393 ris,
244 1304 332 1376 dein
348 1303 469 1377 subita
488 1290 665 1402 epilepsia
680 1303 739 1377 bis
752 1306 986 1404 exagitatus,
1002 1307 1142 1405 deniqne

149 1422 271 1494 tribus
290 1437 376 1493 ante
402 1436 561 1492 mortem
584 1420 718 1494 diebus
746 1420 1024 1497 convulsiones
1046 1424 1142 1495 varin

150 1541 355 1626 sustinens,
377 1553 505 1610 tamen
530 1536 666 1609 leniter
690 1554 944 1637 consumptus
970 1556 1052 1629 est»,
1069 1538 1141 1638 jeci·

149 1680 263 1744 nore,
278 1669 315 1726 et
334 1655 492 1752 reliquis
508 1679 627 1752 prope
647 1655 826 1727 omnibus
846 1658 1030 1755 corporis
1048 1657 1141 1756 parti-

148 1771 244 1859 bus,
265 1772 368 1843 luteo
397 1772 523 1843 colore
549 1774 730 1869 majorem
747 1773 787 1843 in
805 1773 971 1846 modum
994 1772 1140 1860 infectis3

149 1888 395 1987 pulmonibus
411 1904 535 1961 autem
552 1890 680 1986 quales
690 1891 728 1961 in
739 1890 784 1961 iis
798 1887 947 1962 offendi
962 1889 1140 1989 solentqui

149 2006 214 2077 diu
231 2009 330 2078 inter
343 2006 584 2078 moriendum
597 2007 748 2104 spiritus
762 2004 993 2082 difficultate
1008 2007 1139 2082 cruciati

148 2123 561 2224 sunt.Adolesceritulus
572 2147 662 2195 vero
675 2149 720 2196 ex
734 2121 833 2195 facili
846 2140 886 2197 et
897 2125 1140 2224 lepidulomo

147 2266 255 2314 rosus
269 2239 388 2313 factus
404 2255 440 2314 et
453 2239 660 2331 subtristis,
680 2257 834 2339 repente
852 2243 980 2316 ictero
1000 2268 1139 2345 occupa·

146 2373 223 2446 tus,
239 2375 324 2458 post
345 2359 426 2430 dies
442 2358 677 2455 quindecim,
695 2385 779 2431 cum
800 2359 855 2430 nil
877 2361 956 2435 tale
978 2367 1140 2464 cogitare·

144 2491 224 2564 tur,
244 2475 424 2550 stridebat
438 2473 632 2564 dentibus,
647 2476 937 2549 convellebatur
951 2498 1083 2570 nocte,
1094 2505 1140 2553 re·

142 2590 198 2665 lut
224 2595 420 2665 ecstaticus
447 2605 547 2677 erat,
571 2607 608 2663 et
632 2607 718 2690 post
740 2592 902 2690 ejulatus
926 2621 1089 2698 magnos
1113 2609 1140 2669 et

144 2709 408 2782 convulsiones
426 2723 600 2781 mortuus
624 2725 700 2800 est,
716 2709 873 2783 cerebro
901 2713 1095 2811 ejusmodi
1109 2728 1139 2785 ut

141 2829 181 2898 in
196 2855 241 2900 eo
261 2854 340 2899 non
352 2824 463 2899 luisse
476 2829 609 2915 mortis
622 2853 733 2900 causa
741 2828 955 2919 videretur,
971 2836 1138 2931 pulmone

139 2945 247 3018 valde
261 2947 411 3032 vitiato,
428 2943 493 3016 sed
510 2943 647 3042 hepate
664 2946 856 3017 vitiosiore
878 2950 995 3044 quod
1013 2967 1138 3024 eratrt·

140 3061 375 3157 lutevam&
404 3063 456 3134 sic
482 3063 582 3133 enim
611 3062 853 3135 scribendum
887 3080 968 3156 est,
1002 3085 1042 3143 et
1065 3068 1137 3145 scri-

137 3177 242 3250 bitur
263 3203 284 3249 a
311 3179 504 3267 Ballonio,
522 3193 564 3250 ut
580 3179 744 3275 videbis,
767 3179 910 3252 librum
929 3184 1018 3280 ejus
1037 3185 1137 3285 inspid

139 3296 261 3382 ciens,
280 3297 348 3392 qui
362 3296 518 3382 citatur,
534 3296 838 3393 Epidemicorum
858 3298 968 3398 11(2)
991 3306 1135 3403 pagiua,

136 3435 216 3481 non
236 3436 319 3509 quae
334 3411 521 3482 indicatur
544 3418 632 3503 244,
662 3414 727 3486 sed
745 3413 836 3487 258:
859 3442 948 3514 quae
964 3445 1044 3492 vox
1064 3442 1133 3493 curu

136 3526 319 3627 significet
333 3528 523 3600 subviride
537 3583 547 3616 ,
569 3546 634 3602 aut
648 3531 927 3631 subpallidum,
946 3561 1040 3610 sane
1051 3558 1133 3637 perr

171 3811 214 3891 (ι)
235 3815 306 3871 obs.
323 3813 342 3871 6
357 3815 429 3870 etin
442 3816 581 3871 additam.
596 3815 661 3872 obs.
677 3815 703 3873 5.

171 3914 213 3989 (a)
234 3915 367 3987 Edition.
383 3935 448 3990 quae
460 3935 520 3972 una
533 3926 604 3973 tunc
617 3928 679 4007 erat
687 3959 696 3989 ,
715 3929 744 3973 et
761 3917 814 3975 diu
827 3919 905 3990 fuit,
919 3925 1063 3981 Parisien.
