2580 4514
357 224 372 271 t

191 395 260 446 rm.
277 395 333 444 111.
355 395 401 442 na
419 384 742 456 nonsummum,
758 393 869 441 tener.
887 394 1037 444 xxxvur.
1066 368 1140 472 597¹

141 511 268 582 tiones
292 506 451 597 docent}
478 507 541 578 sed
566 531 608 578 ea
630 507 710 603 lege
731 505 951 594 indulsi,·ut
975 533 1025 603 ne
1051 509 1140 608 plus'

138 626 266 698 unciis
285 640 425 723 septem
444 626 567 722 primo
587 623 647 695 die
666 621 832 710 biberet,
858 620 1011 723 singulis
1031 625 1139 700 dein·

138 766 232 839 ceps
247 741 379 814 diebus
391 743 497 814 binas
509 740 715 811 additurus.
730 743 775 811 Et
783 740 906 838 primo
915 731 1138 840 quidemdie

138 857 335 957 quidpiam
355 882 484 957 passus
502 872 575 942 est,
601 856 704 953 quod
728 860 952 953 Lemeryus‚
973 883 1058 930 cum
1069 861 1141 934 alia

137 989 352 1062 recenseat,
373 1001 449 1046 non
469 974 670 1046 adnotavit.
690 976 783 1045 Nam
806 973 922 1072 paulo
940 991 1143 1074 postquam

137 1090 306 1178 biberat,
326 1106 438 1190 caput
455 1091 561 1188 quasi
581 1089 757 1162 ebrietate
777 1091 939 1187 quadam
956 1106 1146 1198 tentatum

139 1222 215 1296 est,
233 1205 297 1280 sed
313 1233 394 1305 quae
410 1232 488 1278 non
507 1203 626 1278 multo
642 1220 727 1305 post
741 1208 904 1296 evanuit,
922 1233 992 1282 nec
1009 1209 1144 1284 diebus

137 1322 424 1423 insequentibus
434 1324 728 1422 rediit,quamvis
734 1323 821 1422 plus
830 1323 1033 1399 biberetur.
1045 1331 1141 1399 Cum

140 1456 239 1514 esset
257 1442 391 1539 quinto
412 1441 470 1514 die
488 1456 712 1540 perventum
730 1441 778 1513 ad
796 1442 925 1516 uncias
943 1443 1144 1533 tredecim,

137 1582 266 1657 neque
278 1558 468 1659 aegerplus
488 1559 690 1658 mingeret,
709 1558 774 1631 sed
794 1557 880 1657 plus·
897 1557 1073 1656 dejiceret
1090 1560 1146 1634 sio

139 1690 247 1749 uteo
264 1676 324 1749 die
342 1699 478 1774 aquam
498 1674 545 1747 ad
563 1690 815 1774 quatuor-aut
834 1677 1005 1775 quinque
1030 1676 1145 1752 libras

137 1793 224 1867 alvo
239 1792 425 1878 redderet,
439 1793 544 1864 nullo
556 1793 690 1865 virium
704 1791 943 1884 detrimento;
958 1795 1146 1867 nonaliud
1250 1875 1252 1879 ¹

137 1913 268 1983 tamen
286 1907 376 1980 hinc
393 1910 585 1982 levaminis
605 1963 615 1999 ‚
633 1933 750 2009 quam
764 1904 867 2008 qu'od
886 1935 907 1983 a
924 1925 1062 1984 tartaro
1080 1910 1149 1984 ob-

138 2041 328 2102 servatum
341 2040 417 2116 est,
429 2043 559 2100 ventre
573 2026 669 2098 nihil
686 2051 840 2126 prorsus
852 2027 1148 2118 detumescente,

138 2126 221 2217 imo
240 2143 397 2215 artubus
409 2142 781 2240 inferioribusmagis
792 2144 1032 2218 tumentibus.
1044 2149 1145 2239 Qua-

137 2257 316 2334 mobrem
335 2274 427 2332 tunc
445 2258 485 2330 id
496 2257 653 2331 remedii
662 2259 918 2331 intermissum
930 2275 995 2334 est.
1007 2261 1146 2361 Aliquo

137 2390 229 2478 post
254 2389 425 2473 tempore
451 2373 499 2448 ad
524 2373 625 2448 idem
647 2374 766 2448 voluit
784 2375 907 2449 redire
925 2400 1031 2475 teger.
1049 2375 1147 2450 Bibit

137 2494 313 2594 quinque
330 2491 569 2564 continenter
589 2490 722 2564 diebus
741 2494 1063 2592 octonas-singulis
1075 2519 1147 2567 un·

137 2613 227 2685 cias.
255 2608 384 2683 Nihilo
413 2607 499 2707 plus
529 2604 697 2707 profecit
724 2609 825 2701 Quin
856 2608 1043 2683 altera-de
1071 2635 1147 2710 qua

138 2752 258 2827 supra
285 2727 493 2800 indicaturo
525 2739 597 2814 est,
621 2725 819 2823 ingruente
839 2722 964 2815 febre,
992 2750 1148 2826 prorsus

139 2847 316 2918 omittere
333 2858 389 2915 est
406 2856 565 2916 coactus
579 2845 729 2914 Frustra
751 2865 925 2940 quoque,
941 2843 1086 2915 utinam
1094 2849 1150 2914 in·

139 2960 255 3036 noxie
270 2960 310 3030 in
327 2957 464 3031 morbo
474 2981 589 3057 quem
604 2979 740 3055 augere
749 2954 896 3031 facilius
904 2972 1020 3048 esset,
1032 2983 1148 3058 quam

139 3073 334 3164 minuere3
351 3073 506 3162 frustra,
516 3076 690 3172 inquam,
707 3073 885 3146 remediis
899 3073 980 3148 aliis
992 3089 1047 3147 est
1057 3097 1148 3150 usus

141 3193 193 3266 de
211 3192 342 3266 eodem
362 3216 498 3291 genere
519 3192 595 3263 sive
615 3190 824 3288 deglutitis,
852 3189 929 3264 sive
955 3192 995 3263 in
1021 3192 1147 3265 alvum

139 3311 309 3408 injectis,
329 3312 404 3381 sive
414 3310 525 3382 etiam
538 3305 733 3380 abdomini
747 3308 941 3408 impositis.
955 3309 1148 3382 Nemeum

144 3429 275 3504 senior
287 3426 440 3525 quidam
455 3424 623 3498 medicus
641 3423 761 3510 ebuli,
778 3438 816 3497 et
828 3423 1007 3499 absinthii
1017 3446 1149 3499 succos

144 3546 345 3643 imponere
369 3540 679 3641 jussisset,>‹nihil
704 3541 793 3614 inde
817 3541 890 3613 nisi
914 3536 1036 3619 inanis
1062 3562 1149 3640 ege-
1231 3530 1235 3537 ⁵

144 3658 258 3737 rendi
284 3661 467 3761 cupiditas
481 3659 638 3747 accidit,
657 3673 694 3732 et
709 3659 877 3757 pruritus
903 3659 998 3731 cutis
1016 3656 1151 3730 adhe-

146 3777 246 3878 patis
264 3777 474 3876 regionem,
494 3776 559 3849 ubi
579 3773 698 3849 lividae
721 3773 865 3848 venulae
881 3787 1147 3872 apparuerunt.
1260 3868 1265 3878 ὓ

147 3899 282 3992 Itaque
299 3918 430 3971 succos
447 3893 531 3985 illos
546 3893 708 3991 abjecit:
731 3915 858 3991 neque
870 3887 976 3963 aliud
988 3887 1151 4016 §bdomi-
