2580 4514
160 394 230 442 sta.
253 392 312 441 111.
341 394 389 440 nn
413 390 549 443 nonnis
567 393 736 456 vaurms,
763 394 875 442 srrsr.
896 395 1018 442 xxxiv.
1049 374 1115 444 281

119 505 301 603 quidquid
318 492 444 578 autem
462 505 549 576 inde
565 505 611 576 ad
627 507 879 577 ventriculum
898 533 1017 606 usque
1036 534 1118 606 per-

119 622 279 710 tinebat,
300 622 352 695 ob
371 619 537 695 conferta
556 623 747 720 plerisque
763 624 800 693 in
823 624 916 696 locis
933 626 1122 700 evidentia

119 738 326 839 §anguifera
344 738 494 813 vascula
520 738 632 838 plane
662 740 831 812 rubebat.
854 741 1035 840 Idemque
1057 770 1119 815 co·

123 848 178 924 lor
203 857 467 930 mesenterium
500 855 706 929 obtinebat.
733 858 941 931 Thoracem
967 885 1120 958 quoque

131 974 310 1046 recludere
332 974 481 1072 placuit.
504 973 707 1047 Pulmones
731 976 917 1074 undique,
938 978 969 1048 si
992 977 1120 1050 dexte-

136 1106 197 1161 run
214 1092 443 1162 anteriorem
455 1092 616 1188 excipias
633 1088 763 1163 faciem
776 1148 785 1180 ,
799 1093 955 1192 pleurae‚
972 1118 1122 1190 praeser-

136 1203 188 1277 tin
206 1208 251 1279 ad
267 1207 384 1280 latera
397 1223 434 1280 et
453 1207 627 1297 dorsum,
650 1208 715 1280 ubi
739 1210 817 1281 haec
839 1226 918 1281 erat
942 1213 1122 1300 crassior,

131 1322 376 1416 adhaerebant,
409 1350 597 1423 nusquam
631 1344 757 1398 autem
785 1330 902 1425 magis
928 1353 1041 1425 quam
1074 1327 1123 1399 ad

126 1462 299 1515 summam
325 1436 517 1518 dexteram
548 1442 712 1520 thoracis
733 1463 899 1544 partem,
928 1444 974 1515 ad
1007 1470 1121 1542 quam

120 1561 306 1657 pulmonis
335 1561 562 1655 substantia,
581 1566 682 1637 velut
701 1589 746 1634 ex
771 1570 925 1660 antiqua
951 1563 1121 1651 laesione,

119 1694 195 1750 erat
212 1680 409 1777 praedura3
428 1680 583 1757 inferius
600 1698 745 1768 autem,
766 1706 786 1752 a
805 1680 946 1751 dextris
965 1681 1121 1778 pariter,

119 1820 192 1867 non
228 1798 342 1894 paulo
376 1802 608 1898 compactior
634 1823 747 1897 quam
781 1799 907 1870 soleat.
939 1801 1122 1869 Caeterum

119 1913 317 2011 pulmones
350 1916 490 2007 multu,
517 1906 664 2017 ubique¹
696 1914 832 2004 ferme,
860 1916 1021 1988 humore
1049 1917 1117 1987 im·

119 2028 195 2103 buti
211 2047 329 2104 erant.

159 2152 206 2219 ln
236 2150 446 2248 pericardio
471 2176 573 2250 aquae
602 2151 720 2238 nihil,
749 2174 815 2223 cor
844 2165 967 2221 autem
997 2150 1119 2222 flacci·

119 2266 227 2357 lum,
258 2283 295 2339 et
321 2270 360 2338 iu
386 2271 542 2369 singulis
567 2268 721 2342 orificiis
749 2269 951 2367 polyposas
976 2267 1121 2341 habens

119 2388 396 2475 concretiones,
419 2390 520 2460 utin
537 2388 748 2459 ventriculo
774 2389 884 2459 etiam
907 2385 1062 2459 dextero
1086 2403 1122 2460 et

119 2504 264 2603 sinistra
299 2505 484 2594 auricula,
517 2505 648 2577 leviter
679 2519 894 2602 compactas
926 2529 1058 2576 omnes
1086 2520 1123 2576 et

119 2620 313 2719 plerasque
337 2623 567 2712 mediocres;
585 2624 741 2694 minima
758 2623 859 2695 enim
883 2635 962 2693 erat
977 2648 1059 2719 quae
1082 2624 1122 2691 in

119 2738 175 2809 lla
202 2738 397 2829 auriculat3
424 2741 641 2839 longissima
661 2765 743 2838 quae
765 2741 803 2809 in
832 2739 1007 2810 arteriam
1036 2738 1122 2835 pul-

119 2868 311 2928 monarem
324 2852 480 2956 ejusque
496 2884 621 2931 ramos
636 2857 859 2958 pertinebat.

161 3000 221 3073 Ι19.
246 2978 332 3046 Non
359 2976 491 3049 dubito
515 2970 610 3076 quin
636 3003 682 3048 ex
703 3001 762 3047 me
788 2997 951 3075 quarm,
979 2998 1047 3044 cur
1073 2988 1122 3044 ta·
1213 2959 1216 2963 ¹

119 3094 224 3165 metsi
242 3095 301 3165 via
322 3120 391 3193 per
405 3096 520 3166 ileum
545 3098 766 3169 intestinum
791 3093 956 3166 restabat
971 3106 1120 3189 aperta;

119 3208 210 3280 nibil
242 3224 365 3283 tamen
393 3214 478 3285 illac
504 3214 747 3285 transiisset?
778 3210 962 3309 Equidem
995 3209 1123 3307 plures

119 3328 294 3426 suspicari
315 3355 443 3404 causas
461 3335 635 3430 possum;
658 3356 786 3402 veram
805 3355 876 3431 pro
902 3343 1007 3401 certo
1025 3324 1123 3398 affir-

119 3468 217 3516 mare
233 3446 375 3518 nullam
397 3473 563 3547 possum.
582 3453 671 3520 Erat
683 3448 736 3519 ibi
753 3448 973 3519 intestinum
998 3444 1045 3516 ab
1066 3446 1124 3514 in-

119 3558 369 3635 flammatione
400 3568 560 3639 maxime
590 3567 736 3656 lasum,
768 3560 956 3661 simulque
987 3562 1037 3634 ob
1066 3565 1123 3632 sui

119 3678 328 3775 portionem
355 3681 569 3755 distractam
591 3699 705 3781 atque
731 3683 980 3780 interceptam
1001 3680 1122 3751 irrita·

119 3806 205 3867 tum.
225 3800 284 3867 An
307 3796 360 3869 ibi
380 3801 492 3900 igitur
511 3801 761 3900 peristalticus
783 3798 951 3872 cessabat
977 3811 1122 3884 motus,

119 3934 191 4009 quo
216 3916 380 3989 materiae
398 3920 557 3994 ulterius
577 3917 926 4018 promoverentur?
946 3918 1004 3988 An
1029 3939 1123 3988 con-
