2580 4514
122 375 208 450 '602
296 400 343 447 ns
368 397 514 446 sauruus
538 399 582 446 rr
605 397 731 444 causis
757 390 976 447 nossemus

137 513 205 610 qui
225 535 268 582 ea
287 535 325 583 se
344 510 479 583 vidisse
496 507 716 596 affirmaret,
735 534 829 583 cum
848 509 1017 584 infelicia
1030 527 1127 584 exter·

138 631 197 703 uis
215 629 401 725 chirurgia
417 653 487 700 uec
506 628 721 726 vulgaribus
736 653 822 700 eam
843 619 1127 718 instituentibus,

138 762 176 820 et
202 748 280 844 ipse
311 746 364 818 ibi
390 746 547 819 viderim
575 761 613 818 et
637 745 685 818 ab
710 745 903 818 omnibus
931 749 1128 846 acceperim.

139 867 240 955 Quin
272 866 426 937 memini
451 864 687 937 albertinum
712 863 908 961 phthisim
936 881 977 938 et
1006 866 1130 938 asciteu

139 985 238 1054 iuter
250 1007 288 1055 se
303 999 604 1079 comparantem,
621 981 721 1052 illam
737 998 796 1053 ter
811 981 862 1053 ab
876 1007 941 1071 se,
954 997 1131 1081 quantum-

139 1090 438 1172 visconlirmata
462 1115 580 1186 esset,
600 1114 838 1197 persanatam
865 1097 988 1173 fuisse
1009 1101 1131 1186 dicere3

140 1218 281 1291 ventris
297 1231 420 1288 autem
436 1216 661 1315 hydropem,
675 1216 742 1313 qui
761 1215 1027 1290 confirmatus
1041 1229 1131 1302 esset,

142 1334 336 1405 etiamtum
354 1334 512 1404 nullum.
532 1339 638 1430 Aqua
650 1334 776 1421 enim,
796 1333 952 1422 aiebat,
974 1337 1004 1408 si
1029 1359 1050 1406 a
1068 1333 1132 1403 chi·

142 1473 259 1546 rurgo
280 1450 488 1536 emittatur,
502 1473 619 1547 aegros
640 1449 737 1519 mori
755 1448 872 1520 video
893 1478 903 1520 :
925 1453 959 1524 si
975 1475 999 1522 a
1015 1449 1131 1522 medico

138 1565 189 1638 ad
213 1591 347 1639 renum
372 1581 434 1639 aut
451 1568 712 1638 intestinorum
732 1566 811 1637 vias
831 1566 1006 1641 validius
1027 1588 1131 1665 urges·

27 1778 31 1785 ⁸
142 1699 221 1771 tur3
243 1710 326 1781 quae
346 1685 511 1766 remedia
530 1685 576 1755 ad
595 1683 665 1759 bas
683 1684 955 1782 compellunt,
983 1711 1060 1757 nou
1077 1699 1132 1755 taur

112 1894 113 1898 Ἰ
142 1800 244 1871 illam
264 1826 346 1898 quae
363 1803 402 1873 in
413 1817 583 1874 ventrem
596 1799 714 1873 effusa
731 1816 810 1890 est,
830 1825 956 1899 quam
973 1797 1132 1902 quodseri
1171 1862 1174 1901 ÷

143 1918 377 2015 insanguine
392 1918 663 2007 adhuerestat,
680 1942 758 1990 non
777 1922 904 2018 magis
922 1922 965 1991 in
981 1921 1059 1997 illas
1076 1919 1132 1988 rias

143 2060 257 2133 quam
282 2038 322 2108 in
347 2055 517 2109 ventrem
544 2062 618 2136 qua
638 2039 717 2134 jam
749 2035 837 2107 data
864 2054 986 2136 porta
1012 2052 1062 2111 est
1086 2035 1131 2130 eji-

147 2152 258 2224 ciunt.
279 2154 337 2225 Sic
359 2179 483 2253 nuper
500 2155 676 2226 accidisse
700 2151 883 2225 narrabat
914 2148 1131 2253 generosuiu

146 2271 276 2368 primis
293 2273 395 2362 viro,
419 2273 480 2344 cui
503 2272 586 2343 data
606 2271 653 2343 ab
673 2271 860 2369 empirico
880 2272 1072 2368 ejusmodi
1089 2293 1132 2340 re·

146 2387 268 2459 media
282 2391 476 2461 urinarum
500 2388 655 2489 quidem
679 2388 849 2487 copiam,
866 2389 939 2462 sed
955 2390 1087 2462 ventris
1103 2387 1133 2459 si

147 2505 225 2577 mul
240 2520 427 2579 tumorem
445 2509 632 2579 auxissent
649 2509 721 2595 ita,
749 2508 805 2578 uti
830 2507 873 2578 in
902 2510 1050 2582 mortui
1071 2525 1133 2579 san·

138 2620 299 2719 -guiferis
318 2625 415 2696 vasis
431 2623 525 2695 nihil
542 2622 658 2696 ferme
683 2625 854 2721 potuerit
881 2626 1061 2699 inveniri.
1079 2626 1133 2695 lle·

137 2764 221 2837 que
234 2755 358 2814 tamen
373 2767 466 2839 quas
476 2742 667 2814 audiverat
681 2742 908 2844 autslegerat
918 2738 1135 2815 admirabiles
1172 2794 1174 2824 ,

146 2858 385 2931 asciticorum
424 2859 636 2930 curationes
674 2857 964 2950 dissimulabat,
1002 2878 1132 2959 quanm

146 2977 322 3047 Bnnoniae
338 2976 397 3048 vel
407 2977 576 3075 quinque
594 3000 662 3074 per
677 2975 791 3048 scroti
804 2972 1061 3073 punctionem
1074 2993 1134 3074 per·

61 3178 62 3181 Ἴ
147 3089 248 3165 fectae
274 3118 353 3166 esse
381 3090 607 3167 ferebantur.
639 3092 710 3165 Sed
739 3115 827 3164 cum
861 3093 964 3168 alios
990 3093 1134 3169 crederet

147 3234 320 3282 auasarca
340 3213 465 3309 potius
481 3211 667 3283 laborasse
692 3235 803 3308 quam
827 3213 973 3303 ascite,
995 3214 1133 3286 aliosas·

147 3327 240 3416 cite,
271 3329 336 3400 sed
355 3329 540 3400 nondum
566 3327 813 3416 confirmato,
852 3330 954 3404 alios
991 3331 1135 3430 hydrope

146 3447 361 3542 peritonoei3
380 3470 460 3517 nun
482 3446 623 3519 multos
652 3469 739 3518 saue
765 3446 1043 3546 relinquebat,
1064 3466 1136 3544 qus

146 3588 231 3636 rum
262 3565 404 3636 sanatio
429 3578 568 3635 nature
590 3545 740 3662 potius,
765 3584 809 3635 ut
834 3565 1021 3662 putabat,
1045 3582 1135 3664 qum

147 3682 218 3752 arti
232 3675 444 3753 deberetur.
466 3686 512 3752 Et
528 3695 772 3780 magnasunt
789 3697 896 3770 certe
915 3709 1009 3757 cum
1026 3686 1064 3756 in
1077 3677 1136 3754 allis

146 3788 265 3896 saepe,
284 3814 363 3869 tum
378 3800 416 3868 in
434 3798 508 3871 hoc
528 3797 665 3870 morbo
681 3824 982 3900 nonnunquum
997 3795 1136 3877 sanando

146 3929 285 3987 nature
302 3917 407 3988 vires.
428 3918 572 3991 Accidit
588 3917 628 3988 in
643 3914 728 3991 mea
739 3919 890 4016 patria,
907 3937 952 3996 ut
964 3909 1055 3997 'cum
1064 3934 1136 4020 puer
