2580 4514
168 344 242 390 ur.
264 340 321 388 111.
350 342 397 389 nc
422 336 557 386 nonnis
576 338 748 401 vaurms,
773 332 883 385 nrrsr.
905 295 1025 386 xxxiv.
1054 317 1125 390 263

119 456 192 528 bus
217 454 283 525 hic
310 476 417 526 casus
440 450 557 525 forme
574 451 804 524 incredibilis
827 451 1006 524 videatur.
1032 455 1127 525 Mihi

119 597 213 646 vero
237 597 286 645 eo
311 570 527 642 credibilior
544 569 715 657 videtur,
735 567 840 665 quod
856 570 934 665 jam
959 585 1045 642 ante
1063 573 1127 644 Al·¹

119 691 298 791 phonsus
312 688 485 760 Khonius
502 684 558 784 (1)
577 685 677 759 idem
691 688 779 759 mali
800 711 845 758 ex
859 687 1070 787 intercepto
1087 691 1127 761 in

119 806 348 880 oscheocele
363 804 545 902 ¹intestino
564 807 605 875 in
620 805 702 874 viro
723 805 938 894 sustulerat,
955 806 1043 878 dato
1063 831 1127 879 eo·

119 925 209 997 dem
228 938 386 1022 argento
402 923 451 994 ad
468 923 599 993 uncias
616 946 764 993 novem.
781 920 854 992 Sed
870 925 1040 1018 quamvis
1050 948 1129 1022 gra·

119 1043 181 1113 via
209 1056 321 1114 erant
345 1054 508 1138 utroque
527 1041 568 1109 in
589 1063 678 1111 casu
704 1054 972 1137 symptomata,
1002 1044 1128 1114 minor

119 1159 295 1231 intestini
317 1158 536 1230 constrictio
564 1178 643 1229 esse
671 1157 811 1255 potuit,
839 1181 909 1228 nec
943 1171 1043 1229 certe
1068 1182 1129 1233 res

119 1275 251 1347 adhuc
283 1273 332 1345 ad
363 1273 581 1372 sphacelum
611 1286 847 1345 accesserat:
876 1287 918 1345 ut
942 1298 1068 1371 neque
1087 1277 1128 1346 in

119 1404 179 1463 tot
206 1392 412 1464 volvulosis
442 1407 649 1463 accesserat
676 1415 773 1489 quos
804 1393 940 1489 passim
970 1392 1128 1490 legimus

119 1511 182 1582 vel
197 1510 335 1605 majori
350 1510 530 1607 assumpti
544 1507 700 1580 remedii
717 1507 817 1580 illius
833 1508 1002 1607 pondere
1016 1490 1127 1584 firisse

119 1641 283 1700 sanatos.
312 1629 367 1696 De
393 1625 452 1696 his
469 1626 584 1722 igitur
604 1623 743 1723 quibus
761 1623 868 1696 firma
894 1626 1019 1698 adhuc
1039 1640 1129 1700 sunt

119 1745 320 1831 intestina,
349 1767 546 1840 nunquam
567 1743 598 1816 is
612 1741 846 1815 mihimetus
866 1741 956 1833 fuit,
986 1747 1127 1845 quippe

119 1877 216 1935 tnnc
235 1875 340 1932 ortus
365 1885 451 1932 cum
480 1862 521 1929 in
545 1860 708 1931 dissecto
739 1860 804 1930 illo
831 1862 992 1959 agricola
1013 1888 1127 1959 quam
1211 1875 1212 1878 ’

120 1979 222 2051 male
249 1977 450 2066 haberent,
481 1977 738 2074 conspiciens,
767 1978 962 2074 quomodo
987 1981 1026 2049 in
1047 1982 1128 2052 aliis

120 2120 299 2194 quoque,
326 2095 488 2166 multum
513 2118 713 2192 progresso
733 2095 811 2190 jam
835 2095 993 2185 morb0,
1023 2096 1127 2168 infir-

119 2228 225 2286 mata
241 2236 321 2291 esse
348 2224 504 2310 possent
517 2263 536 2299 ,-
548 2212 703 2307 conjeci.
722 2212 953 2310 Miratusque
978 2239 1060 2287 sum
1077 2215 1125 2286 ab

120 2356 168 2405 eo
185 2347 360 2428 tempore
381 2329 430 2401 ad
451 2329 554 2399 hunc
570 2327 670 2401 diem
690 2354 769 2427 quo
797 2330 875 2402 haec
896 2332 1128 2432 relegebam,

120 2451 161 2522 in
177 2449 330 2521 nullum
339 2452 524 2546 practicae
545 2445 739 2518 medicinae
765 2450 1005 2545 scriptorem,
1022 2450 1128 2548 quod

119 2566 383 2653 meminerim,
416 2564 613 2652 incidisse,
643 2567 709 2661 qui
738 2589 825 2635 cnm
853 2564 899 2636 de
924 2591 970 2637 eo
1000 2568 1127 2638 auxilii

119 2686 261 2784 genere
278 2682 458 2754 adversus
481 2681 584 2752 hunc
603 2679 802 2771 morbum,
823 2681 927 2779 quod
954 2684 1127 2781 plerique
1205 2722 1207 2728 ·

119 2825 258 2875 omnes
286 2797 476 2887 lecerunt,
504 2822 719 2871 sermonem
746 2796 923 2886 haberet,
952 2798 998 2870 de
1024 2800 1127 2895 justo

119 2918 198 2992 hoc
215 2932 321 2990 metu
339 2915 547 3014 quidquam
567 2930 764 3018 moneret,
784 2930 918 3011 praeter
931 2940 1051 2986 unum
1066 2941 1128 2987 cn-

119 3037 183 3135 jus
196 3033 426 3135 opusculum
438 3033 492 3131 (a)
509 3034 711 3106 novissime
730 3032 823 3130 legi,
842 3033 1031 3105 medicum
1052 3036 1129 3106 exi-

120 3155 245 3237 mium
260 3148 469 3238 Meadium,
488 3151 586 3222 serio
605 3150 894 3240 admonentem,
914 3175 991 3222 non
1009 3152 1074 3223 diu
1089 3156 1129 3223 in

119 3272 198 3345 ileo
218 3271 364 3368 argenti
377 3269 452 3340 vivi
467 3292 600 3359 usum,
621 3271 651 3340 si
666 3268 763 3339 nihil
779 3284 909 3340 caetera
918 3268 1130 3369 proficiant,

120 3386 284 3461 tardare
298 3401 491 3485 oportere3
505 3391 687 3484 quoniam
703 3402 821 3458 metus
839 3402 913 3477 est,
935 3413 1002 3476 ne,
1027 3385 1134 3485 quod

120 3531 202 3579 non
216 3528 307 3576 raro
316 3505 387 3600 fit,
408 3504 695 3601 inflammationi
711 3511 947 3601 superveniat
959 3529 1129 3602 gangren·
1155 3565 1157 3568 ,

162 3787 209 3866 (1)
229 3781 307 3862 Epir.
323 3785 362 3840 N.
376 3785 409 3839 C.
423 3783 487 3842 dec.
504 3783 531 3853 3,
547 3785 583 3841 A.
598 3802 627 3858 9,
643 3784 707 3843 obs.
721 3803 768 3861 79.

153 3887 208 3967 μ’)
230 3884 348 3944 Monita
359 3883 488 3957 medica,
507 3903 533 3940 c.
550 3903 576 3957 7,
588 3904 612 3940 s.
627 3903 654 3941 2.
