2580 4514
175 383 247 430 ini.
266 377 324 428 111.
344 382 391 427 mr
409 380 544 427 nornis
562 380 731 439 varran,
751 381 861 427 artsr.
880 381 1032 428 xxxam.
1062 355 1132 454 575

119 496 328 571 miraberis
343 495 383 565 in
393 495 527 566 Laubii
538 493 593 591 (1)
606 493 887 582 observatione,
904 495 935 565 si
948 491 1135 568 'ventricu-

120 617 185 688 lus
202 628 300 688 esset
318 628 551 711 corrugatus.
570 613 691 684 Coion
705 637 796 682 vero
807 611 901 682 adeo
914 612 1131 705 distentum,

124 747 168 804 ut
183 738 249 805 vir
258 732 533 802 robustissimus
542 730 665 822 facile
680 743 797 800 totum
807 728 999 800 brachium
1018 737 1131 802 intru-

124 847 216 922 dere
228 854 430 948 potuisset,
447 863 510 918 aut
524 847 631 944 quod
646 848 799 918 Littrius
811 847 867 943 (a)
884 871 977 944 saepe
995 849 1131 950 viderit

125 990 287 1054 crocum,
320 981 358 1038 et
391 964 503 1037 colon
540 963 691 1035 femoris
723 965 838 1035 virilis
865 964 1131 1055 crassitudine,

125 1083 207 1153 imo
237 1081 340 1179 quod
376 1081 543 1152 Platerus
570 1080 625 1177 (3)
642 1081 702 1152 vel
730 1082 769 1153 in
802 1106 923 1179 puero
953 1084 1130 1153 intestina

126 1199 379 1296 «inspexerit,
395 1222 476 1295 quae
492 1198 662 1269 eamdem
680 1198 964 1270 crassitudinem
977 1204 1131 1270 certis-in

126 1315 217 1388 toas
230 1314 440 1412 adaequare
453 1314 689 1387 videbantur.
712 1316 882 1387 Vicissim
904 1331 958 1388 est
976 1316 1065 1388 alias
1074 1316 1130 1414 (4)

123 1433 302 1507 immanis
326 1431 421 1504 adeo
445 1458 520 1531 prae
543 1436 683 1506 caeteris
705 1433 904 1504 ventriculi
933 1433 1130 1521 distentio,

124 1565 169 1623 ut
199 1552 414 1648 contiguam
447 1550 627 1645 jecinoris
655 1565 799 1648 partem
823 1567 858 1621 et
885 1550 1129 1648 diaphragma

122 1693 207 1741 non
225 1669 341 1740 modo
362 1668 740 1766 altiuscompulisse,
766 1668 831 1740 se'd
847 1684 884 1740 et
901 1668 1129 1743 descendere

123 1786 386 1888 prohibuisse,
400 1811 616 1884 agrumque
632 1788 670 1857 in
684 1786 722 1857 id
740 1788 949 1884 periculum
961 1803 1128 1885 propter,

123 1905 384 2000 “conjecisse
404 1903 595 1976 interdum
613 1903 752 1975 credita
779 1906 847 1991 sit,
868 1921 910 1976 ut
927 1922 1129 2002 praesentas.

122 2046 258 2111 nsum,
278 2023 503 2123 intentatum
529 2022 678 2109 adhuc,
708 2023 886 2093 auxilium
908 2038 1127 2120 exposceret

121 2162 205 2238 quo
235 2139 312 2210 aeri
347 2135 543 2210 confestim
574 2140 692 2209 exitus
724 2156 919 2235 pararetur
942 2165 1014 2237 ope
1036 2164 1125 2212 acus

121 2254 298 2353 oblonga
318 2280 386 2353 per
410 2256 601 2327 sinistrum
630 2254 963 2351 hypochondrium
984 2259 1023 2327 in
1039 2283 1126 2330 ven,

120 2374 304 2448 trientum
319 2372 567 2444 demittendae.
589 2372 661 2443 Sed
674 2371 721 2443 de
734 2372 809 2443 hoc
821 2370 916 2443 infra
928 2372 991 2470 (5).
1013 2380 1125 2448 Caete-

119 2515 210 2565 rum
224 2488 338 2589 qu'am
357 2490 541 2563 distentus
564 2505 660 2562 esset
677 2491 909 2562 ventriculus
925 2493 963 2560 in
984 2517 1126 2590 propo„

119 2608 193 2687 sita
207 2607 264 2705 (6)
281 2632 433 2706 quoque
452 2607 628 2708 Valsalvae
650 2605 806 2695 femina,
828 2606 1123 2680 animadvertere

119 2725 287 2826 potuisti.
304 2725 414 2796 Unde
425 2726 525 2796 nacti
535 2726 773 2796 occasionem
789 2749 918 2797 sumus
935 2728 1123 2822 tympani·

119 2846 191 2932 tis,
209 2844 318 2915 certis
331 2845 371 2913 in
387 2843 534 2938 casibus
546 2869 626 2915 non
640 2845 719 2915 sine
734 2845 877 2941 praeviis
895 2845 1121 2916 convulsivis

119 2960 450 3050 adstrictionibus,
470 2961 691 3059 explicandi.
707 2961 820 3051 Quod
837 2963 867 3032 si
885 2963 925 3032 in
945 2961 1123 3033 omnibus

119 3077 220 3152 forte
236 3078 410 3152 malueris
425 3080 546 3151 Littrii
562 3075 809 3177 explicatione
824 3079 906 3162 ⁴uti;
932 3104 977 3150 eo
997 3079 1121 3195 mipus

1047 3214 1070 3269 U

175 3419 207 3498 1)
225 3424 292 3481 Act.
310 3423 349 3479 N.
366 3422 400 3485 C.
414 3431 487 3477 tom.
501 3405 518 3481 i
530 3419 619 3490 ,obs¹
636 3437 682 3481 ao.

173 3519 206 3599 a)
225 3524 314 3578 Mem.
334 3521 385 3578 cit.

173 3621 205 3700 3)
226 3623 303 3679 Sect.
319 3617 374 3678 hac
389 3615 543 3696 Sepulchr.
557 3637 609 3686 αι,
623 3617 688 3674 obs.
703 3636 756 3686 aa,
772 3623 786 3688 5
802 3627 828 3686 4.

175 3717 205 3798 4)
226 3725 296 3778 Act:
306 3722 356 3777 cit.
371 3733 473 3778 tomi
487 3720 571 3791 ‚obs
583 3727 621 3796 49
635 3739 705 3804 cum
717 3719 809 3775 schol.
903 3770 906 3780 ,

174 3819 206 3896 ὅ)
226 3823 264 3877 Ν.
288 3819 335 3875 25.
456 3817 459 3821 ’

173 3919 206 3994 6)
228 3923 266 3976 N.
286 3938 331 3974 aa.

157 3421 172 3500 i

158 3519 171 3598 (

158 3619 171 3702 (

159 3721 171 3801 (

159 3819 171 3897 (

158 3920 170 4000 (
