2580 4514
137 351 208 442 460
302 377 348 422 nn
374 375 519 422 scamus
545 376 587 420 nr
613 372 736 420 causis
763 372 980 421 aronnonnu

137 490 241 561 modi
259 489 387 586 plures
406 503 491 559 sunt
511 512 531 558 a
551 486 662 558 nobis
676 487 716 556 in
742 490 758 555 Ι
780 487 946 584 epistola
967 489 1121 587 anatomi-

135 631 178 678 ca
195 605 248 702 (ι)
267 620 488 676 memorata.
501 606 545 673 In
563 627 638 699 qua
654 617 780 673 tamen
797 627 881 673 non
903 617 1051 674 tantum
1068 604 1122 673 ali·

137 747 233 818 qaas
251 726 381 792 cervici
397 725 596 817 proximas
614 718 809 817 glandulas
829 721 1123 803 commemorari-

138 860 246 924 mus3
275 837 346 907 nisi
370 833 465 905 forte
489 836 546 905 vir
570 833 728 923 doctus,
757 860 842 932 quae
868 834 924 906 ihi
954 836 1002 908 dc
1029 840 1124 909 vesica

138 954 304 1024 urinaria
321 952 595 1024 diximusnum.
614 977 692 1022 non
708 952 773 1048 96,
787 952 853 1023 sed
865 952 934 1042 63,
946 978 1013 1042 ea,
1031 968 1068 1025 ut
1077 951 1125 1036 fit,

32 1058 36 1064 ’
137 1070 319 1141 memoria
336 1069 482 1166 lapsus,
497 1068 543 1138 ad
564 1066 659 1140 fellis
669 1069 876 1140 vesiculam
890 1067 1073 1161 attinere,
1085 1070 1125 1140 in·

137 1203 196 1260 ter
211 1185 451 1258 scribendum
465 1186 696 1256 existimavit.

191 1332 246 1377 aa.
274 1308 384 1375 Nunc
408 1301 564 1399 quando
588 1302 634 1373 de
656 1303 887 1400 cysticorum
919 1305 1126 1377 calculorum

138 1420 419 1521 magnitudine,
434 1445 614 1509 numero,
633 1417 771 1518 figura,
790 1420 881 1492 sede
899 1422 1017 1520 plura
1034 1423 1126 1521 attigi·

139 1564 225 1611 mus
239 1563 351 1636 quam
372 1538 411 1607 in
432 1538 558 1608 animo
577 1535 828 1626 habebamus,
846 1539 921 1610 etsi
936 1565 1019 1611 non
1037 1563 1126 1638 pauca

138 1658 236 1728 inter
256 1680 298 1727 ea
317 1656 533 1753 scripsimus
551 1680 633 1752 quae
652 1655 699 1726 ad
710 1656 793 1726 illos
808 1656 1126 1741 internoscendos,

139 1797 225 1843 cum
250 1797 317 1870 per
342 1772 465 1842 alvum
495 1786 721 1869 egeruntur,
749 1796 828 1843 esse
860 1791 1032 1870 possunt
1050 1771 1125 1845 haud

140 1888 301 1975 inutilia;
312 1890 388 1984 jam
410 1887 456 1959 de
476 1890 615 1960 caeteris
630 1913 711 1985 quae
724 1888 769 1958 ad
787 1888 826 1959 id
850 1892 984 1963 multo
1005 1888 1127 1965 utiliora

139 2021 367 2093 censentur,
394 2020 607 2093 structura,
633 2006 802 2095 levitate,
832 2023 869 2078 et
892 2008 943 2079 ad
963 2009 1126 2081 flammam

140 2123 426 2221 concipiendam
442 2124 674 2220 proclivitate
685 2123 800 2194 verba
820 2122 1022 2200 faciamus.
1044 2120 1128 2219 ῥιψὶ

72 2306 75 2310 .
126 2240 183 2323 ,ad
211 2256 436 2313 structuram
461 2242 611 2329 attinet,
638 2266 682 2311 ex
709 2266 784 2339 quo
808 2222 1128 2339 Kentmannusit)

136 2358 266 2429 docuit
292 2357 362 2429 hos
388 2358 569 2446 calculos,
594 2359 624 2429 si
640 2356 810 2455 frangas,
836 2360 946 2434 intus
973 2335 1128 2462 apparere

128 2475 267 2573 plenos
289 2480 454 2571 angustis
475 2473 620 2545 circulis
643 2500 681 2545 se
707 2480 859 2547 invicem
878 2482 1128 2563 ambientibus,
1153 2486 1157 2493 '

137 2599 190 2663 ita
209 2608 252 2662 nt
272 2591 391 2664 videre
408 2597 457 2661 sit
482 2597 592 2663 cuivis
616 2592 747 2662 saltem
772 2595 895 2665 obiter
923 2598 1131 2680 advertenti,

139 2708 329 2806 quomodo
348 2709 448 2779 lenta
462 2723 497 2779 et
514 2714 652 2780 viscosa
673 2707 755 2780 bilis
776 2735 801 2779 a
819 2728 952 2784 centro
973 2715 1031 2786 ad
1040 2735 1132 2814 usque

134 2827 367 2924 superficiem
379 2831 511 2896 sensim
525 2824 780 2897 adhaerescens
790 2837 1023 2920 accreverit,
1039 2853 1130 2905 nemo

135 2939 211 3014 fere
234 2944 353 3014 extitit
368 2943 434 3039 qui
454 2941 500 3012 de
521 2967 652 3012 eorum
672 2958 881 3034 structura,
900 2962 942 3019 et
958 2946 1131 3023 crescendi

135 3060 252 3130 modo
273 3083 486 3130 sermonem
505 3058 668 3147 habens,
693 3065 1045 3139 uon-Kentmanno
1064 3064 1131 3139 asti·

136 3177 339 3274 pularetur.
354 3181 466 3246 Erant
484 3191 609 3247 tamen
628 3178 772 3274 aliqua,
792 3181 931 3277 saepius
945 3184 1033 3256 etin
1042 3182 1131 3257 variis

137 3293 288 3364 calculis
302 3297 466 3390 repetitae
487 3293 759 3365 ohserirationis
780 3319 854 3392 ope
870 3302 1017 3395 partim
1035 3300 1131 3373 corri-

137 3409 279 3509 genda,
310 3413 444 3507 partim
472 3410 655 3483 addenda.
685 3415 779 3483 Nam
811 3416 924 3511 quod
945 3420 988 3491 in
1014 3420 1170 3683 secu&

136 3527 250 3599 nibus
277 3527 408 3599 circuli
429 3530 661 3600 concentrici
674 3546 901 3627 appareant,
916 3560 1053 3608 verum
1066 3522 1129 3607 es'st

120 3698 122 3702 .
142 3708 1129 3737 --------------...-........-

174 3813 218 3888 (ι)
238 3816 276 3869 N.
291 3813 356 3868 eod.
372 3811 418 3870 56.

174 3913 217 3990 (a)
238 3914 328 3989 Apud
340 3909 484 3972 Schenck.
507 3914 571 3971 obs.
592 3935 604 3972 1
625 3916 730 3993 sapius
743 3910 794 3974 cit'.
