2580 4514
170 382 243 428 nm.
266 381 323 428 111.
352 384 399 429 ns
425 379 560 428 nomos
580 381 750 445 varinnis,
776 382 886 431 arrsr.
910 385 1030 429 xxxiv.
1062 358 1124 431 251

127 493 229 564 done
247 491 436 566 scribetur
455 493 616 564 subinde
634 495 673 562 in
687 493 756 564 hac
776 497 931 592 epistola
946 511 1131 592 qnantum
1164 539 1165 542 =

124 612 323 710 proposito
348 611 420 682 erit
449 613 544 683 satis.
572 615 652 680 Jam
683 635 772 685 vero
801 612 907 684 tacite
935 615 1132 711 intelligis,

125 752 212 801 cum
231 752 277 801 ea
293 729 434 817 oritur,
461 743 504 801 ut
529 729 773 826 plerumque,
800 730 850 803 ob
878 733 1131 829 interceptum

123 830 363 936 intestinum,
384 863 477 919 tunc
494 863 663 921 acervata
683 873 795 947 supra
817 850 1131 947 interceptionem

125 966 282 1039 materia
304 954 474 1039 distendi
486 968 660 1039 1ntestina
685 969 895 1065 superiora,
913 967 960 1039 ab
978 967 1048 1037 hac
1065 992 1132 1038 au-

122 1096 200 1153 tem
216 1082 445 1157 distentione
460 1084 613 1157 alteram
637 1087 794 1157 existere
806 1084 949 1154 doloris
959 1086 1131 1171 boensem,

123 1225 239 1298 quarn
254 1215 366 1300 anget
382 1204 461 1300 ipsa
485 1227 640 1301 quoque
664 1219 839 1273 acervatae
861 1202 1022 1272 materiae
1048 1225 1131 1271 cor·

121 1320 253 1418 ruptio
274 1345 319 1391 ex
337 1346 452 1391 mora.
481 1325 620 1392 Verum
643 1321 746 1391 unde
766 1318 904 1391 factum
925 1343 1004 1390 esse
1029 1318 1130 1390 dice·
1230 1394 1233 1407 .

122 1460 231 1525 muS‚
250 1440 348 1509 utin
368 1438 563 1536 proposita
581 1437 737 1510 historia
759 1437 812 1509 ibi
837 1463 934 1534 aeger
957 1437 1130 1507 dolorem

122 1578 203 1627 esse
220 1570 387 1652 negaret,
401 1555 466 1626 uhi
480 1556 612 1628 vitium
627 1572 705 1627 erat
719 1557 922 1625 maximnm
940 1556 1012 1624 ?an
1024 1538 1129 1652 qood

121 1672 228 1745 nulia
246 1671 541 1745 inflammatione
559 1675 712 1772 praevia,
727 1673 926 1770 sphacelus
944 1675 1128 1770 intercep-

121 1804 205 1863 tum
233 1809 453 1888 occupasset
477 1793 728 1865 intestinum?
752 1793 794 1863 Id
819 1808 944 1865 autem
971 1814 1018 1861 an
1045 1789 1128 1860 fieri

119 1908 261 2005 possit,
279 1909 368 1981 alias
390 1909 444 2005 (1)
467 1909 688 1981 videbimus.
709 1914 767 1980 An
782 1912 909 2007 potius
930 1911 1018 2015 quia
1040 1932 1126 1979 cum

119 2048 217 2124 aeger
231 2025 325 2105 illud
338 2024 509 2125 negabat,
517 2028 593 2122 jam
609 2026 852 2099 inflammatio
866 2028 1127 2125 degenerasset

119 2144 158 2214 in
176 2143 423 2241 sphacelum?
438 2149 532 2217 Sunt
552 2147 653 2217 enim
670 2147 742 2217 alia
759 2171 914 2243 quoque
930 2149 970 2215 in
993 2153 1036 2215 ea
1053 2143 1126 2214 his·

119 2262 217 2333 toria
232 2316 243 2348 ‚
258 2276 302 2335 ut
318 2288 339 2334 a
359 2263 529 2335 Valsalva
545 2265 683 2362 scripta
701 2279 771 2351 est,
789 2290 869 2362 qnae
888 2288 965 2334 non
980 2286 1128 2335 accura-

119 2380 261 2453 tissime
288 2381 506 2453 mandatam
533 2382 671 2453 chartis
700 2379 811 2454 fuisse
830 2382 1023 2461 indicent.
1054 2381 1126 2451 Sed

119 2522 246 2596 neque
265 2499 305 2568 in
321 2501 492 2598 proxima
512 2500 626 2601 ullam
646 2500 788 2572 doloris
812 2502 1046 2572 mentionem
1066 2502 1126 2570 in·

119 2617 233 2712 jecit,
255 2617 321 2713 qui
335 2632 459 2689 tamen
473 2642 566 2689 num
587 2617 715 2692 abesse
732 2623 919 2715 potuer-it,
939 2621 1026 2690 satis
1046 2619 1125 2716 ipsa

119 2757 188 2830 per
209 2758 249 2806 se
270 2735 502 2808 monstrabit.
546 2726 548 2735 ’

168 2876 202 2948 7.
226 2853 296 2923 Vir
317 2865 459 2925 annum
476 2877 591 2950 agens
617 2855 991 2952 quinquagesimum,
1019 2852 1125 2923 labo-

119 2992 208 3041 rans
220 2972 453 3056 enterocel'e,
471 2970 619 3042 ardenti
630 2969 735 3043 febre
750 2971 967 3068 corripitur,
981 2985 1018 3042 et
1034 2994 1125 3044 nnn·

119 3085 246 3159 nullos
265 3102 351 3184 post
370 3089 449 3162 dies
475 3091 681 3161 vomitione
704 3089 931 3176 humorum,
953 3090 1020 3185 qui
1043 3086 1126 3159 fuli-

119 3206 202 3302 gine
227 3203 357 3279 infecti
375 3206 611 3285 videbantur.
643 3209 800 3279 Urinam
828 3208 993 3304 primurn
1025 3206 1123 3279 diffi-

119 3322 211 3407 cile,
231 3320 369 3395 deinde
387 3324 495 3395 nullo
515 3325 632 3397 modo
651 3324 786 3398 reddit.
811 3326 1022 3397 Cathetera
1041 3325 1123 3397 chi·

119 3460 233 3538 rurgo
251 3441 438 3513 incassum
458 3443 694 3535 immittitur3
713 3468 878 3541 namque
904 3443 972 3515 ubi
1001 3464 1122 3541 prope

119 3558 278 3633 vesicam
295 3563 484 3656 pervenit,
504 3564 542 3633 in
566 3561 714 3632 obicem
743 3561 886 3633 incidit.
914 3566 1044 3658 Itaque
1062 3561 1121 3631 his

148 3930 193 4009 (ι)
213 3932 313 4006 Epist.
327 3924 384 4001 ⁴35,
403 3954 433 3987 n.
449 3954 484 4008 19
497 3886 525 3989 et
539 3954 600 4010 seq.
