2580 4514
159 341 228 416 702
322 340 369 385 or
395 335 541 387 sabinus
566 340 610 386 rr
633 260 1009 395 crusis'ffotuoann

158 457 248 530 time
274 453 409 525 valere.
429 456 524 524 Nam
551 447 635 550 post
655 453 740 529 illos
764 457 912 531 iterum
939 462 1105 558 peiorem
1123 456 1159 536 ad

157 573 297 649 molem
316 572 606 669 tensionemque
626 572 817 648 abdomen
843 576 966 649 rediit
975 579 1105 663 ,bono
1128 601 1160 653 nt

157 715 308 790 semper
317 705 427 763 autea
445 687 552 763 faciei
568 690 717 780 colore,
732 685 897 790 pedibus
912 682 1018 769 nihil
1035 713 1158 772 tumen.

156 809 276 897 tibus,
290 824 327 880 et
346 823 481 908 praeter
500 811 642 882 ventris
656 811 811 884 dolores
822 814 1020 910 quosdam
1034 842 1101 915 per
1113 820 1157 889 in·

155 929 309 1004 tervalla
340 928 540 1014 molestos,
574 948 802 1027 gravemque
838 931 925 1027 ejus
961 935 1104 1007 molem
1131 952 1156 1007 et

155 1062 437 1121 menstruorum
459 1046 781 1136 imminutionem,
797 1073 884 1145 qum
904 1067 1050 1123 cuncta
1064 1055 1155 1124 etiam

154 1182 261 1238 antea
282 1163 450 1254 fuerant,
476 1189 637 1262 corpore
661 1165 767 1263 agili,
786 1165 977 1257 robusto,
1005 1173 1154 1269 egregie

154 1309 228 1381 que
249 1307 287 1355 se
306 1282 480 1355 habente.
507 1286 561 1355 Ne
591 1283 704 1380 igitur
732 1284 847 1380 cystis
870 1300 1008 1358 vetere
1034 1290 1152 1360 emisso

152 1398 335 1488 humore,
348 1426 448 1472 novo
468 1399 765 1488 distenderetur,
784 1425 880 1499 opus
895 1421 1019 1492 esset,
1038 1431 1153 1505 quem-

152 1520 358 1593 admodum
385 1521 424 1591 in
456 1516 706 1593 exterioribus
736 1515 915 1593 folliculis
951 1521 1021 1612 tit,
1053 1539 1151 1599 totam

142 1641 270 1745 ipsam
298 1662 407 1736 posse
435 1650 499 1712 aut
527 1635 726 1710 absumere
745 1653 809 1709 aut
828 1639 1037 1739 extirpare.
1065 1645 1150 1732 Quo·

150 1783 236 1829 rum
266 1759 431 1855 primum
457 1757 497 1827 in
520 1780 659 1852 magno
684 1770 721 1826 et
743 1755 843 1829 inter
865 1757 1019 1832 viscera
1037 1759 1149 1832 abdito

150 1899 259 1948 sacco
284 1876 369 1993 puis
385 1887 574 1971 proponat
599 1888 664 1945 aut
689 1867 1013 1948 ferati'illternm
1041 1894 1147 1950 autem

148 1994 386 2091 propositum
415 1991 570 2088 quidem
600 1992 652 2064 sci
731 1994 879 2064 animos
902 1994 1074 2067 addente
1094 2019 1148 2065 no

146 2113 309 2200 tissima,
333 2109 399 2184 sed
417 2135 523 2207 aeque
547 2017 756 2198 rarissma,
775 2104 841 2181 illa
864 2110 959 2183 abr.
987 2112 1148 2212 Cypriani

148 2231 363 2318 curatione3
382 2254 429 2300 an
446 2252 537 2300 vero
555 2229 689 2325 aliquis
707 2228 805 2300 intra
818 2227 891 2300 hos
908 2231 1091 2331 triginta,
1106 2255 1149 2301 eo

129 2407 132 2413 .
147 2373 221 2445 que
235 2348 398 2446 amplius
411 2372 455 2418 ex
468 2372 546 2444 quo
566 2347 804 2444 propositum
832 2361 910 2436 est,
937 2373 1065 2421 annos
1080 2365 1147 2420 teu·

144 2472 297 2549 taverit,
323 2471 461 2542 nescio.
494 2473 585 2560 Quae
617 2467 822 2567 prohibere
854 2473 1061 2567 potuerint
1083 2495 1147 2541 non

142 2585 293 2663 difficile
311 2588 510 2686 intelligis:
532 2610 697 2684 quorum
721 2586 904 2684 pleraque
927 2603 974 2660 ut
994 2590 1147 2674 mittam,

143 2707 172 2777 si
191 2706 316 2779 radice
340 2731 417 2777 una
440 2707 501 2776 cui
525 2704 721 2776 vinculum
748 2701 856 2775 facile
881 2722 1018 2802 posset
1039 2707 1148 2803 injici,

142 2825 253 2921 cystis
271 2849 420 2922 semper
436 2825 637 2911 niteretur,
663 2823 761 2894 utin
782 2822 1006 2897 Mancharti
1024 2834 1079 2924 (ι)
1095 2838 1148 2896 aut

140 2945 179 3017 iu
196 2940 391 3014 Schroclsii
409 2941 464 3042 (a)
475 2941 756 3030 observatione'3
771 2964 885 3013 aures
899 2940 1064 3017 fortasse
1074 2968 1140 3044 pra

138 3061 229 3136 bere
247 3063 443 3159 inciperes.
461 3061 533 3134 Sed
551 3061 667 3159 quidi>
684 3061 713 3132 si
731 3058 836 3132 radix
858 3061 1066 3160 multiplex
1095 3073 1148 3132 aut

139 3182 260 3251 sinna
277 3180 472 3265 latissima,
489 3205 568 3250 non
583 3194 627 3250 ut
646 3177 747 3277 apud
767 3166 853 3248 illos
873 3182 1080 3276 angustior
1093 3192 1146 3248 aut

129 3296 285 3396 pollicis
314 3302 506 3368 crassitie:
526 3296 619 3395 quid
635 3296 651 3366 l
668 3297 697 3367 si
717 3297 830 3392 cystis
849 3296 927 3367 alio
950 3312 1067 3396 atque
1084 3296 1144 3367 alio

137 3417 276 3490 arctius
291 3415 458 3513 alligata,
474 3432 510 3486 et
529 3415 663 3513 procul
675 3417 786 3486 etiam
803 3413 852 3486 ab
871 3440 916 3488 ea
937 3415 1144 3489 abdominis

136 3534 245 3620 sede,
270 3559 383 3632 quam
408 3536 638 3633 Cyprianum
656 3525 844 3635 imitatus,
866 3536 1066 3610 incideris.
1085 3534 1142 3606 llic

173 3820 215 3901 (ι)
238 3823 295 3880 Cit.
312 3822 350 3877 ad
362 3843 393 3876 n·
407 3823 455 3886 64.

172 3919 218 3999 (a)
237 3923 312 3997 Epli.
326 3924 364 3978 N.
379 3923 413 3979 C.
427 3921 490 3978 dec.
505 3939 539 3994 a,
558 3924 593 3978 Α.
607 3922 642 3994 8,
656 3920 720 4009 obs.
736 3920 806 3980 233.
