2580 4514
188 364 262 446 iss.
281 393 338 444 m.
364 390 568 467 cruorem
585 373 887 463 vrrrmsmisr.
907 380 1044 449 mm.
1073 370 1148 476 469

135 505 251 584 culos
269 511 554 598 continentem,
579 534 744 609 quorum
765 513 797 582 si
815 512 977 585 exterius
999 513 1150 613 inspec-

137 645 271 702 torum
290 628 584 726 descriptionem
615 628 734 725 legas,
757 620 946 726 simulque
973 631 1066 703 scias
1090 633 1151 702 in-

138 747 262 820 terius
279 770 325 817 ex
341 746 591 844 circumjectis
608 746 732 845 stratis
749 737 984 844 compactos,
1003 762 1040 819 et
1059 773 1151 847 pro-
1189 806 1190 811 ,

111 875 113 879 ’
139 865 229 962 pl'us
239 877 413 936 centrum
422 888 468 936 ex
481 863 580 936 striis
597 862 768 934 radiatim
781 862 1041 961 pergentibus,
1055 890 1150 963 quas

126 962 557 1078 ¹interdisjectaeeramt
575 979 668 1052 albae
691 979 1008 1078 splendentesque
1034 982 1149 1079 parti·

110 1136 113 1142 ·
140 1095 257 1184 culae,
273 1093 379 1170 facile
393 1121 465 1196 pro
476 1096 620 1171 bilariis
634 1095 783 1196 habeas.
800 1100 846 1168 Et
859 1110 984 1168 tamen
1002 1099 1154 1195 genitos

138 1215 183 1286 in
211 1213 345 1286 eodem
361 1216 542 1289 intestino
561 1239 648 1287 cum
667 1211 865 1288 Chomelio
882 1237 1062 1312 agnosces
1087 1239 1150 1288 ne·

138 1354 246 1404 cesse
263 1344 336 1420 est,
352 1333 425 1405 nisi
448 1330 543 1404 forte
560 1332 607 1406 de
622 1330 773 1406 duobus
787 1356 872 1430 quae
884 1330 1023 1419 dicam,
1037 1331 1154 1404 alter-

138 1461 274 1520 utrum
288 1449 406 1522 malis.
420 1450 568 1523 Scilicet
579 1464 642 1521 aut
660 1473 748 1523 eum
768 1449 1055 1525 sacculum-cum
1062 1447 1150 1522 bilis

119 1607 122 1610 ·
139 1567 341 1639 communi
349 1582 485 1658 meatu,
496 1592 571 1666 qua
585 1568 685 1640 inter
696 1567 777 1665 ejus
787 1567 954 1640 intestini
966 1565 1157 1642 membra·-

138 1708 213 1757 nas
236 1683 394 1783 oblique
412 1683 558 1773 fertur,
586 1686 906 1773 communicasse,
929 1683 985 1758 abw
1004 1685 1157 1784 illoque,

139 1803 333 1877 calculum
352 1803 476 1902 primo
496 1829 639 1894 unum,
656 1793 835 1903 deinceps
849 1803 942 1876 alios
954 1804 1020 1901 qui
1035 1826 1155 1875 mem·

138 1920 283 1995 bracas
296 1936 407 2001 aucto
424 1946 496 1994 suo
510 1921 680 2021 poddere
698 1921 924 2012 laxaverint,
941 1921 1156 2019 accepisse-

139 2053 212 2113 aut
225 2039 391 2138 primum
409 2039 517 2111 illum
532 2038 718 2112 calculum
729 2039 852 2112 statim
865 2053 980 2138 atque
993 2054 1151 2112 emeatu
1206 2032 1209 2041 ’

133 2156 367 2247 intestinum
379 2155 565 2245 subierat3
580 2157 624 2229 in·
635 2148 709 2231 hoc
723 2180 963 2254 quacumque
978 2155 1149 2229 decuma
1190 2198 1192 2202 ν

141 2273 353 2349 substitisse
365 2328 375 2364 ,
387 2289 425 2346 et
434 2275 581 2348 tunicas
594 2274 804 2378 gravando,
820 2274 1070 2372 urgendoque
1084 2299 1150 2346 ex-

140 2407 312 2479 trorsum
334 2383 610 2491 deorsumque,
630 2391 708 2466 sibi.
717 2405 754 2464 et
772 2391 1060 2488 insequentibus
1068 2389 1154 2466 aliis

141 2508 301 2585 calculis
311 2511 501 2584 sacculum
519 2534 679 2608 parasse.
698 2508 782 2598 Sed,
796 2511 864 2582 etsi
873 2524 1072 2608 utramque
1088 2533 1158 2581 exe

142 2626 390 2728 plicatiouem
417 2623 641 2700 'confirmare
673 2624 829 2700 iortasse
857 2650 1014 2725 posses3
1046 2625 1154 2699 illam>

143 2743 304 2844 quidem
317 2744 490 2843 exemplo
506 2745 644 2818 sacculi
659 2745 700 2817 in
714 2770 794 2844 quo
808 2743 1085 2841 ejusdemmodi
1094 2744 1155 2816 la*

145 2861 232 2963 pilli
253 2878 360 2937 erant
377 2887 420 2935 ac
438 2864 479 2935 iu
497 2863 611 2960 cysti,
630 2864 697 2960 qui
713 2862 880 2936 sacculus
906 2861 1156 2936 solertissimo

144 2980 390 3080 Galeutio(r)
407 2979 461 3053 ibi
477 3005 556 3054 esse
576 2982 678 3053 visus
694 2995 749 3053 est
763 2979 829 3052 ubi
844 2980 1057 3053 communis
1067 2979 1155 3055 bilis

147 3108 299 3172 meatus
315 3099 393 3196 jam
409 3122 529 3198 prope
545 3097 661 3171 finem
675 3113 897 3196 pervenerat
914 3121 1047 3171 suum:
1066 3098 1157 3172 alte-
1208 3181 1210 3190 ¹

142 3225 373 3289 reut'autem
384 3215 674 3315 explicationem
687 3240 766 3287 nou
778 3216 852 3288 alio
865 3230 1032 3306 auctore,
1045 3241 1161 3313 quam

144 3329 359 3406 -Chcmelio
381 3334 494 3431 ipso,
526 3335 668 3433 quippe
697 3332 835 3428 sacculi
862 3330 1164 3406 efformationem

151 3447 259 3522 haud
269 3448 377 3522 aliter
393 3464 622 3549 repetentea
638 3450 784 3522 calculo
799 3450 838 3520 in
857 3449 1037 3522 duodeno
1049 3448 1166 3523 intes·

154 3569 242 3644 tino
258 3567 410 3666 genito,
430 3591 544 3667 quam
563 3583 604 3640 tu
628 3593 649 3638 a
674 3567 820 3641 calculo
845 3569 885 3639 iu
914 3566 988 3642 hoc
1009 3568 1165 3667 illapso:

196 3961 243 4042 (t)
263 3963 429 4022 Commeat.
440 3962 478 4023 dc
488 3964 603 4022 Bouon.
618 3982 657 4022 sc.
670 3963 742 4020 inst.
752 3973 776 4018 t.
791 3963 825 4032 3,
836 3958 913 4018 inter
922 3960 1046 4018 medice.
