2580 4514
191 398 260 447 ern.
279 396 337 445 111.
366 396 415 443 ne
439 392 577 441 nonnis
600 393 773 457 neurus,
797 392 909 441 arrsr.
930 396 1051 441 xxxiv·
1081 373 1149 471 287

142 514 209 613 qni
228 526 266 585 et
282 534 328 583 ea
347 507 566 608 prescripsit
581 505 746 579 remedia
765 530 849 603 quae
862 505 1084 606 hydropicis
1093 534 1152 582 so-

142 632 221 707 lent
246 653 328 703 esse
357 627 585 700 communia.
607 624 674 696 Ille
701 649 792 696 vero
821 626 964 697 interea
989 629 1151 700 multum

121 746 231 837 tcum
268 740 564 819 combibonibus
594 743 690 814 meri
721 744 980 840 ingurgitans,
1011 770 1150 842 magno

140 866 291 938 ventris
307 861 441 935 dolore
457 859 681 959 corripitur,
698 882 794 956 vago
811 874 959 949 tamen,
983 885 1070 933 eum
1086 863 1151 936 fla·

138 983 264 1072 tibus,
281 1006 370 1054 eum
387 980 550 1053 materiae
571 977 714 1050 hiliosae
736 978 883 1049 vomitu
903 994 1045 1051 etcum
1066 985 1151 1080 pul·

139 1126 206 1177 ms
237 1100 428 1172 celeritate
454 1097 673 1193 conjuncto.
703 1094 886 1169 Postridie
915 1122 1026 1170 mane
1064 1123 1150 1173 cum

139 1218 256 1292 dolor
274 1240 355 1289 non
378 1215 494 1288 modo
525 1216 674 1302 sevior,
695 1238 827 1286 venam
851 1216 968 1286 etiam
993 1219 1150 1288 certain

139 1350 253 1439 parte
281 1316 381 1407 fixus
400 1347 518 1422 esset,
540 1357 623 1430 quae
645 1346 766 1421 tacta,
781 1332 1028 1407 vehementer
1046 1335 1151 1408 dole-

139 1454 229 1541 bat,
246 1450 584 1525 inflammationem
598 1450 768 1523 Valsalva
785 1453 943 1540 veritus,
961 1455 1080 1525 secari
1093 1478 1153 1527 ve·

138 1596 231 1647 num
249 1569 457 1670 imperavit.
476 1568 665 1641 Omnibus
679 1584 805 1642 tamen
818 1570 998 1669 praesidiis
1016 1572 1148 1658 irritis,

138 1688 204 1763 die
221 1688 538 1788 quarto-ineunte
550 1710 648 1783 aeger
667 1689 838 1758 moritur.
857 1693 900 1759 ln
917 1704 1050 1762 ventre
1060 1714 1150 1762 sana

138 1808 290 1905 reliqua
315 1807 470 1877 inventa
500 1818 609 1893 sunt3
629 1804 696 1876 sed
727 1829 864 1903 magna
887 1805 949 1878 ilei
978 1809 1147 1881 intestini

137 1921 487 2027 pars'inflammata.
505 1925 550 1993 In
566 1920 734 2011 thorace,
747 1946 952 2022 permagna
965 1927 1148 2025 polyposa

128 2042 340 2117 -eoncretio
373 2041 415 2113 in
443 2039 599 2113 dextero
637 2039 762 2112 cordis
797 2044 1034 2131 ventriculo,
1066 2070 1148 2141 quae

137 2160 233 2235 inde
249 2160 291 2231 in
307 2180 442 2230 venam
471 2181 598 2231 cavam
618 2158 911 2255 producebatur.
940 2164 1043 2231 Intra
1068 2186 1150 2233 cra-

138 2279 252 2351 nium
277 2274 432 2349 tandem
466 2277 538 2349 seri
567 2275 753 2363 multum,
777 2302 857 2374 quo
887 2293 924 2348 et
948 2281 1151 2353 ventriculi

120 2394 294 2468 cerebri
311 2408 418 2466 erant
428 2394 543 2493 pleni.
560 2395 799 2492 Praegrandes
811 2413 938 2482 erant,
952 2398 1150 2497 multoque

138 2511 339 2589 scatebant
372 2536 457 2586 sero
492 2512 678 2611 glandulae
703 2513 835 2612 plexus
865 2514 1080 2606 choroidis3
1114 2533 1151 2588 et

138 2652 348 2731 compages
363 2630 511 2704 cerebri
527 2629 608 2702 laxa
622 2645 712 2703 erat.

192 2755 253 2839 act.
277 2752 399 2841 Quam
423 2749 634 2847 periculose
653 2773 797 2848 magnae
817 2749 1010 2821 solvantur
1028 2749 1151 2824 febres

139 2869 228 2943 tine
244 2867 321 2940 ulla
341 2867 446 2957 crisi,
462 2868 584 2965 prima
600 2866 715 2963 hujus
731 2866 894 2938 historiae
914 2891 999 2964 pars
1018 2866 1153 2940 confir·

139 2998 235 3058 met.
252 2986 376 3076 Quam
391 3008 525 3055 verum
539 2998 664 3056 autem
685 2981 798 3056 fuerit
815 2984 990 3056 Valsalvae
1010 3001 1152 3057 utrum-

141 3124 224 3201 que
236 3101 443 3199 judicium,
463 3124 545 3198 quae
565 3125 634 3199 per
651 3100 914 3173 dissectionem
932 3104 971 3171 in
985 3106 1105 3200 eapite
1117 3119 1153 3176 et

140 3232 279 3293 ventre
294 3232 488 3317 comperto
501 3232 607 3308 suut,
626 3234 846 3290 monstrant.
868 3218 981 3308 Quod
999 3245 1089 3292 vero
1112 3223 1152 3292 in

142 3334 224 3411 boc
244 3360 363 3435 tegio,
382 3360 461 3407 non
486 3335 679 3423 volamus,
708 3351 749 3406 ut
774 3337 813 3406 in
831 3338 979 3433 priore,
1005 3338 1070 3410 sed
1088 3364 1153 3410 vo·

145 3452 262 3527 mitus
278 3446 461 3525 duntaxat
475 3449 607 3541 fuerit,
633 3477 681 3523 ne
709 3475 854 3549 quaeres
882 3453 1057 3550 quidem,
1086 3455 1154 3526 ubi

144 3568 264 3669 bajus
274 3570 481 3644 sectionem
494 3594 582 3643 cum
602 3570 740 3670 prioris
758 3583 928 3643 autenm
949 3572 1153 3669 insequen-

147 3689 196 3763 tis
221 3688 415 3761 cadaveris
444 3688 612 3760 sectione
642 3689 930 3787 comparaveris.
957 3690 1098 3777 Quam,
1124 3691 1156 3761 si

149 3822 250 3881 reete
262 3808 437 3896 memini,
454 3806 741 3879 inBononiensi
756 3804 1028 3879 Ineurabilium
1045 3832 1157 3880 noso-

151 3926 276 4017 comio
291 3922 496 3998 habuimus
515 3949 617 3998 anno
632 3921 736 4023 1705.
