2580 4514
1162 140 1172 215 i

1151 244 1161 315 l

157 333 202 431 78
329 355 375 400 nn
401 352 547 401 snnraus
573 355 616 399 nr
642 352 766 399 causis
791 353 1002 404 noanonnir

156 469 286 567 bajulo
298 491 411 566 quem
434 492 479 537 ex
492 482 591 538 tecto
607 466 800 565 delapsum
823 465 947 540 fractis
971 493 1073 568 pene
1093 497 1160 543 om·

157 588 270 660 nibus
284 587 397 657 costis
410 584 499 655 alias
514 584 570 681 (ι’)
585 609 797 683 proponam
811 639 820 673 ,
834 585 1003 684 itemque
1020 589 1062 659 in
1081 612 1160 661 sene

158 707 205 777 de
229 729 307 801 quo
333 703 567 773 mentionem
587 703 751 798 injiciam
776 704 830 801 (α)
854 706 1003 774 cumin
1029 730 1161 804 gonor-

157 825 271 896 rhoeae
284 824 520 911 tractatione,
530 822 618 892 vitia
628 825 808 922 attingam
821 840 995 923 prostatae
1013 827 1162 924 glandu-

159 944 212 1014 lae.
234 947 277 1013 In
293 957 458 1038 utroque
479 942 580 1012 enim
600 940 654 1011 illi
677 940 893 1014 insidebant
915 943 1063 1016 annulo
1081 944 1162 1016 bina
1201 936 1203 973 ¹

160 1058 396 1134 subrotunda
421 1058 645 1155 corpuscula
675 1060 806 1131 ciceris
832 1061 1110 1158 magnitudine,
1127 1064 1161 1133 in

159 1180 284 1277 primo
304 1175 508 1262 sublivida,
530 1177 569 1246 in
594 1175 712 1247 altero
737 1177 937 1266 rubentia,
961 1178 1163 1252 substantia

160 1299 199 1368 in
215 1312 380 1393 utroque
397 1293 628 1391 glandulosa.
648 1294 750 1383 Quin
775 1295 885 1366 etiam
908 1297 947 1366 in
967 1297 1088 1368 altero
1105 1320 1162 1370 sua

159 1410 307 1514 singula
319 1411 550 1484 subobscure
568 1411 818 1484 ostendebant
833 1411 1075 1505 foraminula,
1087 1440 1160 1513 quae

158 1534 302 1628 majora
319 1546 356 1601 et
372 1530 622 1601 luculentiora
636 1530 764 1602 videre
777 1531 912 1603 licebat
927 1533 968 1602 in
983 1535 1158 1630 proximis

162 1649 350 1748 glandulis
380 1647 676 1720 lenticularibus.
709 1653 783 1719 Has
813 1651 913 1719 enim
945 1649 1163 1723 habebatis

162 1767 280 1839 homo
291 1765 535 1865 amplificatas
548 1767 587 1836 in
600 1768 822 1861 continuato
834 1768 957 1865 pylori
969 1784 1163 1868 antro,per

126 1917 128 1922 ¹
163 1884 266 1983 quod
299 1885 380 1956 duae
407 1899 530 1956 tresve
559 1883 796 1957 ducebantur
819 1886 859 1954 in
891 1885 1163 1983 longitudinem

165 2020 334 2078 extantes
348 2003 454 2072 lineae
467 2001 515 2072 ad
526 2001 604 2072 duo
620 2002 682 2072 illa
695 2002 931 2074 subrotunda
947 2004 1165 2103 corpuscula

164 2124 405 2194 desinentes:
433 2120 477 2192 iis
510 2134 635 2190 autem
661 2120 769 2192 lineis
807 2121 964 2219 singulis
985 2121 1087 2193 binae
1114 2121 1163 2194 vel

163 2255 278 2311 ternae
315 2236 530 2308 insidebant
566 2235 776 2334 glandulae,
807 2237 1004 2310 intervallo
1044 2241 1163 2339 aliquo

52 2350 54 2357 ’
164 2355 367 2453 disjunctae.
406 2358 597 2426 Revocant
627 2353 683 2424 hae
709 2353 950 2428 lenticulares
970 2357 1164 2430 ventriculi

164 2473 347 2573 glandulae
369 2473 462 2543 mihi
487 2474 526 2542 in
552 2475 771 2544 memoriam
790 2474 1095 2548 observationem
1112 2501 1164 2549 ea·

163 2617 250 2662 rum
284 2592 422 2678 aliam,
455 2589 530 2660 huc
558 2591 717 2662 maxime
757 2595 999 2682 attinentem,
1029 2598 1164 2694 quippe

164 2711 295 2782 nonin
309 2711 392 2779 viro
410 2707 575 2779 habitam
592 2711 721 2806 inquo
739 2709 864 2799 nulla,
885 2711 989 2808 quod
1011 2714 1165 2796 scirem,

162 2830 256 2899 utin
275 2827 390 2898 modo
408 2827 644 2914 memoratis,
663 2827 868 2899 laborantis
884 2830 1085 2900 ventriculi
1111 2856 1166 2902 ex·

163 2947 325 3018 titissent
350 2944 508 3030 indicia,
529 2944 594 3015 sed
614 2947 681 3042 qui
702 2944 882 3017 brevibus
902 2946 1082 3042 quidem,
1107 2945 1166 3020 sed

163 3063 413 3135 acerbissimis
431 3062 511 3157 ejus
531 3062 727 3135 doloribus
746 3062 939 3135 confectus
956 3080 1021 3136 est.

217 3181 270 3257 18.
288 3181 381 3251 Viro
396 3204 516 3250 annos
536 3195 623 3251 nato
640 3181 687 3251 ad
702 3181 952 3279 quadraginta
963 3237 972 3271 ,
985 3182 1168 3256 lacertoso

164 3314 201 3370 et
227 3297 404 3397 gravibus
432 3297 595 3369 distento
624 3299 939 3397 cogitationibus,
972 3316 1059 3371 ante
1091 3301 1168 3374 dies

163 3417 308 3513 aliquot
328 3430 492 3513 coeperat
508 3432 621 3514 caput
640 3416 790 3505 dolere,
812 3433 851 3487 et
873 3441 1003 3488 sensus
1023 3417 1167 3491 ardoris

164 3535 290 3606 esseio
301 3534 508 3631 mingendo
519 3590 529 3621 ,
540 3560 625 3605 cum
637 3550 724 3635 post
737 3560 900 3618 coenam,
912 3537 951 3605 in
963 3560 1036 3633 qna
1045 3561 1167 3634 neque

203 3820 247 3898 (1)
264 3820 357 3896 Epist.
373 3820 426 3890 53,
441 3840 470 3875 n.
486 3821 533 3891 37.

203 3920 248 3998 (a)
268 3921 362 3999 Epist.
381 3926 435 3992 44,
450 3940 481 3976 n.
501 3938 546 3995 19.
