2580 4514
147 358 219 450 468
312 381 359 428 nr
383 379 529 430 sannas
553 358 598 427 ur
621 340 746 429 'elusis
770 378 987 430 nouom

148 516 292 587 nullam
308 515 454 612 antiqui
466 515 505 584 in
518 527 649 586 ventre
662 511 805 585 doloris
818 512 950 586 sedem
963 570 974 605 ,
993 515 1139 611 secimdt
1188 534 1190 543 '

148 633 298 704 nullum
312 630 482 704 dolorem
498 631 649 702 indicat.
671 635 767 703 Cum
785 645 914 704 tamen
932 636 1097 735 proponi
1108 636 1140 705 in

147 751 213 823 illa
224 749 412 822 calculum
423 750 577 848 legeris,
594 749 704 845 cujus
717 745 879 820 rutilans
892 756 1045 823 interna
1056 755 1142 824 sots-

128 856 131 862 ’
149 875 271 940 tantia
294 890 415 939 meros
439 864 660 938 ostendebat
683 864 839 937 circulos
864 873 970 940 striis
987 874 1142 941 interero

149 999 225 1070 tos,
253 1000 289 1057 et
313 983 564 1056 observatoris
582 980 772 1055 Scroecirii
794 984 914 1081 patris
932 982 1142 1060 delineatio·

146 1127 216 1175 nes
233 1104 308 1200 (1),
338 1101 386 1173 ab
413 1100 665 1200 descriptione
682 1100 753 1171 hac
779 1124 858 1172 non
885 1099 1141 1192 abhorrentes,

146 1219 378 1318 inspexeris3
396 1215 552 1291 fortasse
573 1243 621 1290 ne
639 1216 744 1289 hunc
759 1218 916 1315 quidem
935 1221 1144 1293 calculans

147 1338 361 1437 suspicione
379 1336 526 1433 rejicies
544 1349 618 1407 tua.
636 1336 825 1408 Minorem
839 1325 991 1427 antem,
1015 1338 1144 1437 dequo

144 1455 248 1557 apud
258 1471 452 1527 auctorem
463 1452 909 1551 Brechtfeldium(2)n0n
916 1455 1033 1554 pium
1043 1480 1144 1556 quam

145 1572 246 1672 apud
258 1570 460 1644 Bezoldum
471 1571 657 1660 invenies,
676 1594 848 1670 quarens
861 1568 1047 1665 forsitan,
1063 1598 1142 1646 num

145 1691 300 1790 qnando
318 1691 368 1771 is,
387 1705 429 1761 ut
438 1705 515 1762 tres
537 1691 700 1787 priores,
717 1705 755 1763 et
769 1690 833 1762 ille
851 1690 1014 1791 insuper
1029 1718 1051 1763 a
1065 1692 1144 1764 Mal·

142 1807 273 1907 pighio
285 1807 448 1903 (3)visus
458 1861 468 1894 ,
480 1832 501 1878 a
511 1804 649 1878 femina
664 1806 830 1904 dejectus
845 1805 939 1898 fuit,
958 1824 1060 1883 esset
1071 1808 1139 1898 iiia,

142 1941 187 1999 ut
195 1926 242 1996 de
250 1925 373 1997 tribus
382 1925 461 1999 istis
470 1925 662 2014 novimus,
675 1925 818 2013 vetula3
832 1924 959 2015 bunc,
976 1929 1144 2027 inquam,

143 2045 331 2115 minorem
354 2044 491 2115 satisne
516 2043 587 2113 erit
614 2043 683 2115 tibi
711 2041 824 2116 fuisse
855 2049 1017 2116 interius
1039 2053 1143 2118 instar

145 2161 315 2255 crystalli
329 2159 558 2233 albicantem
575 2176 613 2230 et
629 2159 868 2249 rutilantem,
896 2161 1098 2236 arbitranti
1110 2165 1142 2235 in

143 2281 256 2351 nimis
274 2303 402 2377 pressa
420 2277 694 2376 descriptione,
720 2278 886 2376 potuisse
906 2277 1021 2353 facile
1042 2297 1145 2355 strue·

131 2411 266 2470 turam
283 2396 422 2482 omitti,
443 2419 525 2492 quae
542 2409 584 2465 ut
598 2397 636 2465 in
650 2395 848 2495 pellucidis
865 2397 981 2479 etiam
998 2399 1081 2474 aliis
1094 2425 1143 2474 su·

133 2518 209 2614 ''pra
226 2515 311 2610 (ipa
330 2538 390 2584 me
407 2514 778 2603 commemoratis„si
792 2511 958 2588 diffracti
972 2514 1142 2608 fuissent,

140 2633 375 2731 apparuisset
387 2629 542 2703 fortasse
555 2631 677 2730 qualis
690 2632 730 2703 in
745 2635 949 2731 postremis
963 2635 1144 2737 descripta

51 2774 56 2793 ¹
141 2763 206 2822 est.
226 2754 368 2822 Verum
381 2773 431 2820 ne
445 2744 541 2820 forte
559 2748 839 2847 suspicionibus
851 2749 1016 2850 liberius
1030 2753 1144 2826 indui·

140 2891 252 2966 geas,
278 2865 334 2938 fac
351 2865 423 2936 tibi
446 2865 608 2936 vicissim
631 2866 676 2938 ci.
700 2854 887 2938 Chomelii
912 2868 1142 2947 observatio-

138 2989 198 3057 nis
218 2985 272 3078 (5)
287 2985 413 3056 veniat
431 2983 470 3053 in
490 2997 681 3055 mentem:
704 2983 772 3082 qui
791 2985 836 3055 in
851 2983 1052 3087 decrepita
1072 3013 1141 3060 ma·

135 3119 248 3174 trona
263 3100 454 3179 saeculum
471 3099 741 3198 deprehendit,
756 3102 796 3174 in
813 3118 930 3200 quem
955 3129 997 3177 se
1015 3110 1141 3180 tunica

136 3220 305 3293 intestini
328 3217 498 3329 duodeni
519 3219 757 3307 laxaverant,
788 3219 887 3294 bene
911 3223 1060 3298 multos
1077 3224 1139 3297 cal·

240 3522 316 3597 Eph.
326 3523 407 3578 N.C.
421 3522 484 3578 dec.
500 3541 531 3593 1,
544 3523 581 3578 A.
592 3540 628 3597 9,
642 3522 707 3578 obs.
721 3541 776 3598 90,
788 3520 838 3600 fig.
851 3524 868 3582 3
880 3536 911 3581 et
924 3533 954 3594 4.

239 3626 275 3680 ln
289 3633 347 3678 aet.
363 3621 441 3678 med.
454 3622 543 3679 Hafn.
555 3623 617 3679 vol.
631 3641 662 3694 1,
676 3623 742 3681 obs.
762 3641 829 3680 roo.
