2580 4514
135 387 203 434 mn.
232 384 286 432 111.
316 385 362 432 oa
388 384 524 433 moriers
540 384 709 452 vaurms,
736 389 844 434 aarsr.
863 392 982 438 xxxvr.
1012 370 1077 467 371

81 501 270 598 purpurei
288 514 325 572 et
343 499 558 571 inflammati
569 464 821 598 apparderunt
835 529 842 571 :
857 503 1003 577 dissecti
1017 530 1084 577 au-

81 633 165 691 tem
186 618 348 690 multum
368 618 439 688 seri
452 618 656 687 emiserunt
673 619 847 715 spumosi.
869 624 911 690 In
930 620 1082 696 dextero

83 734 214 808 cordis
245 734 454 805 ventriculo
482 757 593 830 parva
615 736 804 805 concretio
824 737 1025 834 polyposa3
1043 742 1082 813 in

83 853 240 924 sinistro
259 850 338 947 ejus
356 849 617 921 tantummodo
635 851 950 924 inchoamentum.

144 994 197 1040 ια.
217 968 402 1040 Permulta
421 966 573 1063 quidem
597 967 643 1038 ad
665 967 860 1039 historiam
879 970 975 1042 hanc
1000 998 1084 1070 pos·

51 1128 54 1130 ·
86 1101 173 1160 sent
192 1085 372 1156 adnotari.
398 1084 468 1156 Sed
487 1082 678 1156 brevitatis
697 1088 794 1155 ratio
809 1087 982 1180 habenda
1006 1109 1082 1182 est,

85 1229 162 1276 uec
178 1203 294 1274 multa
308 1201 530 1298 attingenda.
551 1205 690 1298 Largus
703 1204 741 1272 in
757 1201 829 1274 hoc
841 1202 997 1299 juvene,
1014 1232 1085 1280 nec

87 1320 207 1393 semel
226 1321 379 1391 iteratus
394 1373 403 1406 ,
421 1319 611 1416 sanguinis
638 1320 801 1390 vomitus
829 1319 953 1392 faciles
972 1325 1087 1420 expli·

85 1453 196 1509 catus
209 1435 398 1508 habuisset
418 1461 464 1506 eo
483 1451 650 1534 tempore
668 1461 743 1534 quo
765 1461 833 1533 per
854 1463 1004 1526 venam,
1022 1466 1086 1515 vas

84 1556 203 1628 breve
224 1554 378 1642 dictam,
399 1579 443 1624 ex
463 1553 711 1651 lienealiquid
731 1556 827 1624 mitti
837 1556 877 1624 in
896 1561 1085 1630 ventricu-

85 1673 170 1744 lum
196 1695 272 1741 non
285 1670 518 1741 dubitabant.
534 1669 605 1741 Sed
620 1685 862 1767 posteaquam
876 1673 1086 1747 circumitio

85 1789 282 1887 sanguinis
308 1801 344 1859 et
369 1790 623 1884 &perimenta
645 1787 754 1858 aliter
773 1789 959 1881 docuere,
979 1794 1085 1867 aliter

86 1928 245 2005 quoque
264 1921 320 1979 est
332 1926 392 1977 res
408 1903 648 2002 explicanda:
666 1920 708 1975 ut
721 1921 834 2002 puta,
853 1909 883 1979 si
903 1908 1086 2001 dicamus,

86 2038 234 2122 quanto
253 2024 379 2094 minus
399 2023 590 2118 sanguinis
605 2023 644 2090 in
670 2021 900 2096 obstructum
919 2027 1088 2124 splenem

60 2147 63 2150 ’
86 2164 161 2240 per
176 2140 363 2212 coeliacam
383 2141 555 2211 arteriam
573 2135 703 2210 inferri
717 2155 861 2236 potest,
881 2157 985 2215 tanto
1002 2145 1087 2242 plus

86 2280 162 2357 per
179 2256 270 2329 alios
285 2256 453 2353 ejusdem
473 2258 613 2328 arteriae
632 2280 755 2328 ramos
776 2257 823 2328 ad
839 2260 1088 2332 ventriculum

87 2376 308 2474 importari,
337 2390 400 2446 aut
431 2375 657 2475 sanguinisa
683 2377 890 2448 ventriculo
924 2379 1087 2450 reditum

86 2517 162 2592 per
176 2517 240 2565 ras
257 2491 396 2576 breve,
413 2491 588 2590 impediri
602 2516 622 2562 a
641 2493 789 2567 tumido
808 2495 950 2590 splene,
964 2520 1027 2566 vas
1044 2498 1088 2567 il·

87 2610 159 2684 lud
175 2612 272 2683 inter
295 2634 332 2682 se
349 2620 392 2682 et'
408 2623 620 2708 turgentem
635 2633 728 2707 saepe
748 2612 999 2682 ventriculum
1016 2614 1088 2707 tal·
1119 2610 1120 2616 '

86 2728 141 2800 de
161 2740 372 2825 premente,
391 2741 433 2798 ut
449 2726 645 2814 alterutra,
662 2741 724 2798 aut
744 2742 924 2824 utraque,
943 2743 1005 2800 aut
1018 2730 1087 2802 alia

88 2838 235 2942 aliqud,
252 2843 386 2915 harum
404 2868 483 2914 non
497 2843 656 2915 absimili
674 2844 818 2914 ratione
835 2844 992 2942 intelligi
1010 2860 1088 2943 pos
1160 2897 1162 2901 v

87 2961 160 3049 sit,
178 2962 397 3060 sanguinem
429 2961 499 3032 sibi
526 2985 570 3032 ex
593 2962 752 3032 vasculis
781 2962 892 3033 nimis
920 2962 1089 3038 distentis

87 3080 232 3151 exitum
258 3080 296 3149 in
316 3079 536 3167 ventriculi,
555 3078 601 3149 ad
622 3079 660 3149 id
679 3081 879 3176 praesertim
898 3079 1087 3178 dispositi,
1150 3170 1152 3174 Α

89 3218 226 3277 cavum
242 3196 398 3292 aperire.
418 3197 495 3267 Nee
512 3195 580 3266 tibi
605 3195 643 3265 id
669 3193 766 3266 forte
791 3195 938 3267 obstare
965 3197 1089 3269 videa·
1197 3240 1200 3251 ·

86 3329 157 3387 tur
175 3311 278 3410 quod
286 3312 434 3408 juvenis
442 3311 559 3408 hujus
570 3312 821 3384 ventriculum
833 3292 963 3384 sanum
976 3311 1088 3387 fuisse

86 3428 302 3517 indicetur3
320 3452 407 3500 nam
435 3431 652 3528 sanguinem
676 3454 744 3526 per
775 3429 900 3500 oscula
928 3431 1088 3527 plurima

59 3537 65 3545 ¹
87 3545 271 3645 quidem,
289 3547 355 3618 sed
369 3547 606 3632 tenuissima,
625 3545 723 3631 'mtra
739 3546 866 3634 illum,
886 3547 1089 3619 laxioribus
1127 3543 1128 3546 ¹

88 3661 250 3736 fortasse
266 3665 490 3735 instructum
504 3660 608 3735 fibris
623 3658 733 3736 fuisse
752 3661 910 3736 effusum
931 3664 1087 3758 putabis.

87 3781 208 3872 Quod
229 3781 259 3851 si
280 3795 424 3852 veteres
451 3781 574 3876 ipsos,
599 3797 662 3851 aut
690 3781 757 3876 qui
786 3781 874 3851 illos
898 3784 1004 3876 sequi
1030 3781 1091 3850 ali-

87 3894 264 3996 quandiu
280 3913 547 3995 perrexerunt,
574 3897 891 3995 dissectionesque
922 3897 1093 3996 inspicias

859 4016 920 4102 24*
