2580 4514
155 418 221 470 cm.
250 419 307 471 nr.
336 425 383 471 on
409 418 545 472 uonnrs
570 418 740 490 vaurms,
766 425 877 474 nrrsr.
899 423 1011 504 xrxrr.
1042 401 1112 473 203

124 534 158 607 td
173 538 254 608 vitae
274 553 484 609 extremum
502 537 726 627 adductum,
741 541 914 627 evasisse,
933 556 970 611 et
989 539 1113 610 ulcere

131 651 273 750 perfecte
292 655 570 752 conglutinam,
584 643 840 754 sphincterem
857 657 896 726 in
912 657 1112 755 pristinum

136 785 246 847 sutum
266 764 432 845 rediisse.
460 778 600 845 Verum
625 775 692 846 etsi
711 773 790 845 haec
818 799 904 845 vera
926 791 1033 861 sunt,
1062 794 1115 846 ta-

135 908 201 961 uen
219 915 296 989 quo
313 893 431 990 magis
450 915 471 962 a
487 889 702 989 sphinctere
719 892 827 962 altius
839 894 1054 978 recesseris,
1068 919 1114 963 eo

137 1008 363 1103 periculosior
393 1009 527 1080 incisio
550 1009 711 1093 accidet,
743 1011 818 1080 sive
846 1010 1027 1081 crassiore
1054 1009 1117 1079 ali·

137 1146 195 1222 quo
216 1125 429 1225 sanguifero
462 1147 548 1198 vase
578 1126 685 1216 laeso,
712 1128 905 1225 sanguinis
936 1125 1116 1198 effluxum

138 1242 284 1338 coercere
297 1266 377 1314 non
392 1243 535 1341 possis,
552 1242 627 1314 sive
647 1264 803 1314 nervum
824 1268 991 1342 pungas,
1014 1242 1115 1313 unde

137 1353 258 1432 lethalis
275 1361 308 1433 is
324 1360 456 1450 dolor,
468 1385 582 1458 quem
596 1360 808 1432 observavit
826 1359 1017 1432 Fabricius
1030 1383 1116 1430 nos-

136 1477 252 1575 terli),
263 1476 415 1550 videtur
427 1478 661 1576 provenisse,
675 1479 751 1549 sive
763 1480 873 1548 etiam
890 1493 1025 1549 neutro
1036 1476 1116 1547 vul-

136 1609 259 1683 nerato,
274 1597 495 1667 intestinum
511 1594 692 1667 duntaxat
707 1584 891 1694 perfores,
910 1597 1038 1692 sicque
1055 1591 1116 1663 fae-

135 1707 217 1784 cibus
233 1713 374 1784 exitum
399 1715 544 1812 aperias
561 1714 600 1784 in
617 1695 759 1784 ventris
778 1725 931 1783 cavum':
951 1738 1032 1809 quae
1049 1737 1116 1810 pe-

132 1824 227 1900 ricula
249 1832 289 1900 in
314 1832 418 1902 caecis
435 1837 547 1927 at'que
570 1829 706 1902 abditis
730 1829 978 1902 incisionibus
1000 1830 1115 1901 vitare

129 1947 197 2041 puis
215 1949 356 2046 possiti

158 2087 190 2160 9·-
213 2063 275 2137 Ob
290 2064 359 2138 has
376 2067 507 2164 igitur,
528 2065 692 2162 aliasque
715 2090 844 2137 causas
868 2067 955 2137 satis
981 2091 1050 2163 per
1079 2089 1117 2136 se
1203 2132 1209 2141 .

120 2182 324 2256 manifestas
344 2184 430 2255 cum
453 2181 594 2254 efficaci
613 2183 799 2254 curationi
823 2184 967 2276 nonsit
992 2183 1115 2267 locus,
1143 2249 1145 2253 ,

119 2300 339 2402 relinquitur
372 2317 433 2391 ut,
455 2326 543 2374 cum
563 2301 753 2398 Ruyschio
778 2302 837 2398 (2)
865 2317 902 2373 et
924 2302 1116 2387 Valsalva,

119 2440 223 2519 poam
252 2419 494 2518 palliarr'vam
530 2417 768 2517 appellitant,
796 2420 1006 2492 necessario
1038 2414 1117 2489 amss

119 2537 333 2610 plectamur.
366 2535 558 2630 Laudabat
588 2535 651 2607 ille
685 2537 933 2625 emollientia,
951 2552 987 2609 et
1014 2537 1120 2607 dolo·

119 2678 187 2728 em
201 2655 382 2727 lenientia
393 2669 573 2726 enemata.
584 2657 661 2725 Nec
673 2648 912 2752 improbabat
922 2655 1033 2742 alter,
1049 2656 1121 2725 nisi

119 2773 297 2847 ¹outinuo
317 2771 540 2844 refluerent:
559 2771 808 2870 quamobrem
830 2771 1119 2875 modicasinjec·

119 2895 230 2982 iones
249 2887 396 2988 potius,
418 2904 455 2962 et
474 2891 637 2962 insessus
663 2889 968 2977 commendabat,
991 2887 1118 2960 addito

120 3010 222 3082 uam
244 3007 372 3105 quoad
390 3026 486 3106 aeger
504 3009 584 3078 sine
609 3007 781 3080 molestia
798 3003 964 3106 perferre
978 3023 1118 3104 posset,

120 3106 275 3228 pto,'et
303 3123 502 3224 perforatis
526 3125 714 3197 lateribus
730 3125 886 3214 tubulo,
909 3149 977 3224 per
1005 3149 1118 3223 quem

119 3266 314 3318 rumorem
339 3244 501 3315 illumin
528 3268 605 3343 quo
629 3243 824 3332 insideret,
848 3243 895 3317 ad
913 3243 1037 3314 morbi
1063 3245 1120 3343 ip-

119 3388 189 3436 arn
223 3360 352 3434 sedem
385 3362 625 3449 admitteret,
660 3361 943 3460 admissumque
978 3364 1120 3434 interea

119 3473 202 3554 luin
220 3481 365 3552 insesso
385 3495 757 3567 uteretur,servaret.
771 3484 977 3552 Humorem
996 3496 1121 3552 autem

119 3600 256 3672 orium
276 3623 348 3696 pro
364 3595 468 3668 varia'
486 3597 612 3669 morbi
633 3598 902 3670 constitutione
924 3597 1121 3684 laudabat,

137 3870 196 3950 ’(ι)
218 3874 264 3930 De
277 3872 390 3929 chirur.
404 3890 486 3946 oper.
500 3893 524 3930 c.
539 3873 636 3932 desan.
651 3872 710 3931 list.
723 3873 756 3930 in
770 3872 820 3930 lin.

147 3972 196 4052 (a)
214 3973 290 4031 Oba.
305 3973 357 4032 cit.
373 3972 412 4049 96
425 3973 455 4028 in
470 3969 522 4029 fin.
