2580 4514
114 427 186 473 mr.
216 424 274 470 111.
302 423 350 470 nr
375 421 512 470 nonnis
536 422 709 486 vaurms,
733 422 846 470 misr.
874 424 1003 471 xxvrn.
1032 396 1079 472 36

64 564 147 611 aevo
172 538 272 609 adeo
290 535 508 635 frequenti:
527 536 633 634 quod
659 561 729 634 ego
755 539 913 609 omnino
935 537 1081 613 inficias

67 684 147 730 non
169 682 264 728 eam.
291 653 363 746 Sed
383 653 551 725 mirabor
566 670 713 743 tamen,
743 680 828 727 curn
853 680 947 754 saepe
969 660 1081 728 etiam

67 791 245 863 veteres,
271 776 308 845 et
329 787 429 843 certe
448 795 535 842 cum
555 774 679 859 Sinae,
704 794 853 862 suarum
875 791 1080 847 consuetu-

65 895 202 966 dinum
220 891 520 978 retinentissimi‚
536 905 629 988 potu
651 892 726 963 sint
747 894 823 979 usi,
847 907 1079 992 utamurque

67 1011 250 1094 ferventi,
271 1034 352 1079 non
371 1009 504 1107 saepius
525 1009 624 1106 apud
643 1033 708 1082 eos
727 1012 901 1082 inventos
918 1036 1020 1100 esse,
1041 1028 1079 1084 et

66 1129 231 1201 inveniri
251 1129 318 1225 qui
336 1120 419 1198 lae'sa
440 1143 505 1198 aut
519 1127 700 1224 impedita
724 1126 899 1198 laborent
915 1127 1077 1227 degluti·

13 1337 19 1345 Ι
66 1251 192 1334 tione,
214 1244 281 1318 sed
299 1269 372 1316 nec
390 1246 524 1343 saepius
542 1243 646 1340 apud
666 1269 759 1334 nos,
776 1245 854 1315 imo
873 1270 960 1318 raro
982 1247 1078 1319 adeo

68 1364 355 1462 cartilagineum
385 1363 634 1461 oesophagum
671 1361 936 1460 deprehendi,
965 1378 1008 1436 ut
1038 1369 1078 1437 iu

66 1483 170 1554 Italia
182 1506 262 1553 non
275 1482 514 1553 meminerim
528 1480 594 1578 qui
609 1479 735 1551 adhuc
748 1483 930 1578 repererit
943 1495 1078 1580 praeter

27 1607 30 1616 ’
67 1599 432 1695 Vallisnerium,‘qui
446 1613 573 1669 tamen
597 1599 637 1668 in
658 1623 706 1668 eo
726 1597 904 1688 homine,
930 1613 967 1671 et
992 1601 1077 1674 loco

67 1715 332 1816 ettemporeld
341 1710 501 1814 reperit,
516 1730 558 1787 ut
570 1715 637 1787 abs
650 1715 762 1803 theae,
779 1730 843 1787 aut
857 1714 944 1788 coffi
956 1717 1080 1790 abusu

66 1837 185 1933 repeti
193 1858 305 1932 posse
326 1858 406 1904 non
422 1833 619 1905 videatur:
645 1834 781 1904 omitto
798 1849 923 1906 autem
946 1837 1079 1919 Trille.

66 1978 161 2042 rum,
171 1955 212 2025 in
221 1953 686 2024 sunacontrariaomnino
696 1975 806 2024 causa
816 1954 1008 2051 repetiisse
1019 1940 1081 2055 (ᾧ

66 2075 114 2143 Ut
134 2087 180 2144 ut
200 2087 280 2161 est,
301 2071 484 2142 'coalitum
508 2069 584 2139 dixi
602 2094 671 2166 per
690 2069 970 2167 cartilaginem,
988 2075 1079 2170 quia

66 2189 126 2262 hie
150 2214 309 2289 quoque
336 2189 583 2287 oesophagum
618 2213 640 2258 a
673 2189 913 2288 cartilagine,
940 2193 969 2263 si
998 2217 1077 2262 non

67 2304 1077 2407 omninoohturatnm,utinStoffeliiobservatione(2)

64 2442 100 2497 at
122 2440 226 2497 certe
243 2429 297 2497 sic
317 2424 541 2523 impeditum
566 2425 606 2495 in
632 2416 777 2497 caeterls·
794 2428 975 2527 exemplis
996 2431 1078 2499 ani·

65 2543 260 2616 madverto
271 2599 281 2632 ,
291 2545 352 2613 vix
363 2558 405 2614 ut
418 2544 594 2640 exiguum
608 2544 765 2615 restaret
778 2539 960 2617 fonmen.
974 2546 1077 2637 Quid

64 2686 152 2735 vero
169 2665 200 2735 si
212 2662 391 2759 cartilago
410 2686 489 2732 non
501 2663 707 2732 introrsum
726 2658 988 2753 extuberaret,
1010 2662 1076 2735 sed

66 2795 257 2879 patentem
271 2778 432 2850 naturali
443 2778 693 2875 amplitudine
708 2778 806 2849 viam
821 2780 1076 2877 relinqueret?

66 2901 161 2970 Num
173 2894 299 2998 'putas
323 2899 472 2970 illaesam
504 2895 669 2968 futuram
694 2895 928 2994 deglutiendi
957 2896 1077 2972 facul-

67 3018 212 3090 tatem?
235 3020 386 3089 Mecum
408 3030 508 3089 certe
529 3018 720 3089 Victorius
744 3018 885 3087 Gornia
906 3017 1075 3090 medicus

68 3136 411 3235 experientissimus
426 3135 690 3206 dissectionem
705 3137 1019 3223 communicarit,
1036 3140 1077 3208 iu

72 3257 274 3325 Germania
291 3251 476 3337 habitam,
499 3250 691 3324 cadaveris
709 3253 902 3324 celsissimi
927 3269 965 3325 et
985 3255 1081 3326 emi?

9 3370 13 3393 '
69 3373 278 3446 nentissimi
302 3373 509 3470 Principis,
539 3373 647 3466 cujus
671 3372 898 3469 oesophagus
916 3375 1079 3446 exterius

69 3491 356 3579 membraneus,
374 3492 533 3561 interius
552 3504 679 3561 autem
695 3504 774 3563 erat
792 3490 1074 3589 cartilaginem,

996 3706 1085 3727 *nn-t

105 3866 148 3947 (r)
168 3867 249 3925 Ibid.
264 3866 282 3936 ς
295 3869 343 3930 la.

105 3964 151 4046 (a)
172 3986 212 4026 so
230 3967 284 4023 hie
295 3966 329 4023 ln
341 3963 495 4042 Seginlchr·⁴
