2580 4514
184 351 259 396 mr.
282 349 338 395 ιιι.
367 346 414 394 nn
440 345 579 393 nonrrs
596 344 767 415 vaurms,
792 345 905 391 nmsr.
926 347 1048 392 xxxva
1078 323 1148 422 399

136 461 302 534 cadaver
328 462 473 531 interea
498 457 617 544 nacti,
642 459 724 555 pari
753 456 945 555 diligentia
972 462 1148 557 persequi

135 603 219 650 non
244 579 448 676 potuimus.
475 580 607 672 Itaque
634 589 747 671 caput
774 599 853 644 non
877 576 1075 672 attigimus.
1100 582 1144 647 In

138 696 298 771 thorace
319 695 472 767 demum
501 693 721 790 pulmonem
739 690 935 762 dexterum
957 717 1145 765 annexum

139 813 304 910 pleurae,
323 811 539 908 durumque
559 807 904 907 deprehendimus:
925 809 964 879 in
984 815 1145 908 pericar-
1218 816 1220 822 '

140 931 208 1003 dio
230 945 424 1002 cruentam
444 952 579 1026 aquam
605 925 652 999 ad
672 926 816 1022 aliquot
837 926 1074 999 cochlearia:
1105 932 1144 1001 in

139 1046 258 1121 corde
274 1070 387 1119 venas
401 1044 494 1117 duas
514 1069 595 1142 quae
615 1067 683 1140 per
702 1041 834 1114 faciem
858 1045 939 1139 ejus
965 1047 1145 1141 posterio-

138 1189 223 1237 rem
242 1162 450 1260 secundum
473 1161 748 1259 longitudinem
771 1160 1044 1250 decurrebant,
1062 1187 1144 1234 san·

139 1283 256 1382 guine
275 1279 462 1379 turgidas,
480 1295 516 1353 et
531 1282 637 1376 quasi
651 1281 846 1353 varicosas.

193 1405 251 1487 24.
267 1397 444 1497 sepositis
465 1420 547 1492 quae
568 1395 615 1467 ad
640 1420 801 1494 praesens
827 1398 1039 1470 institutum
1064 1423 1143 1469 non

136 1519 324 1604 attinent,
344 1517 435 1587 siea
455 1515 654 1602 duntaxat,
678 1540 761 1613 quac
783 1514 829 1585 ad
849 1497 1057 1587 tumentem
1075 1516 1143 1587 lie-

137 1660 230 1711 nem
249 1648 437 1732 spectant,
459 1632 563 1706 etad
581 1647 731 1705 tumens
750 1632 1065 1730 obstructumque
1085 1635 1143 1730 je-

139 1776 211 1825 cur
223 1750 481 1839 attendamus3
500 1751 608 1825 lienis
626 1752 782 1838 arteria,
800 1751 830 1821 si
844 1748 939 1823 forte
952 1778 972 1822 a
986 1754 1143 1849 primor-

139 1869 215 1953 diis
234 1869 313 1947 sine
332 1867 488 1944 flexibus
507 1893 586 1944 non
610 1865 701 1954 fuit,
724 1866 843 1939 videri
868 1856 978 1941 alicui
1003 1872 1144 1967 poterit

139 1987 216 2063 hos
233 1988 421 2074 amisisse,
439 1972 530 2058 dum
546 1985 728 2084 impedito
745 1987 785 2057 iu
805 1986 943 2058 durum
960 1989 1069 2082 jecur
1087 2014 1141 2058 ar-

138 2107 273 2195 toeiosi
300 2105 492 2203 sanguinis
515 2128 648 2191 cursu,
674 2104 795 2203 major
822 2103 937 2199 hujus
967 2108 1076 2205 copia
1102 2109 1141 2177 in

138 2223 348 2322 splenicam
380 2222 481 2297 illam
516 2223 687 2294 arteriam
722 2220 881 2292 influere
914 2238 1042 2294 coacta
1074 2241 1139 2296 est.

136 2343 333 2433 Quantum
357 2353 499 2427 autem,
529 2338 724 2411 obstructo
755 2340 944 2436 jecinore,
971 2345 1141 2414 arteriosi

138 2462 241 2539 intra
267 2461 391 2560 ipsum
423 2458 558 2531 ramuli
594 2460 913 2556 comprimantur,
938 2461 1141 2559 minusque
1200 2544 1211 2560 1

138 2578 333 2676 sanguinis
349 2576 566 2664 admittant,
581 2601 666 2647 cum
683 2577 778 2646 ratio
794 2573 954 2662 indicat,
977 2593 1058 2648 tum
1068 2580 1141 2649 evi·

138 2695 237 2770 dens
261 2693 472 2767 observatio
499 2718 774 2791 nonnunquam
798 2693 972 2765 ostendit.
997 2695 1142 2766 Confir-

137 2812 258 2885 mavit
273 2813 373 2884 euim
386 2811 482 2885 mihi
502 2812 544 2883 cl.
564 2813 621 2884 vir
642 2817 697 2882 Jo.
714 2793 880 2908 Baptista
896 2812 1068 2910 llulpius,
1083 2814 1142 2886 bis

138 2929 213 3003 sihi
231 2930 432 3020 accidisse,
461 2946 503 3003 ut
528 2930 664 3028 hepate
682 2929 897 3018 obstructo,
916 2931 1058 3000 arteriae
1076 2930 1141 3004 he·

136 3049 270 3146 paticae
288 3062 463 3121 truncum
486 3046 681 3143 dilatatum
698 3046 793 3117 adeo
815 3047 1019 3135 inveniret,
1040 3064 1081 3119 ut
1102 3050 1141 3119 in

137 3189 228 3241 eum
246 3179 374 3263 posset
396 3166 598 3237 immittere
621 3164 779 3263 digitum
806 3164 992 3263 pollicem.
1028 3169 1141 3238 Caete-

136 3306 228 3357 rum
244 3284 298 3355 sic
313 3280 448 3355 affecto
466 3284 652 3379 jecinore,
671 3307 784 3379 quam
806 3281 911 3355 facile
928 3308 987 3355 res
1012 3284 1060 3355 ad
1083 3311 1142 3356 ca-

124 3399 311 3475 ·chcxiam
332 3415 499 3499 spectet3
523 3401 562 3473 iu
589 3402 787 3498 proposito
811 3400 986 3489 homine,
1009 3419 1142 3501 praeter

137 3516 232 3606 alia,
248 3542 367 3615 pauca
383 3518 446 3589 illa
457 3533 494 3591 et
504 3517 659 3589 decolor
672 3499 758 3589 bilis
772 3543 852 3589 non
864 3517 1026 3592 obscure
1036 3547 1141 3592 com·
1191 3562 1193 3569 ,

136 3636 372 3711 monstravit.
393 3633 504 3725 Quod
523 3635 554 3706 si
573 3635 721 3733 gravius
743 3636 873 3707 vitium
894 3635 1012 3735 hepar
1029 3662 1141 3710 occu·
1172 3696 1175 3702 .

136 3767 229 3850 pet,
258 3753 390 3850 saepius
420 3777 500 3822 non
527 3752 576 3824 ad
604 3752 818 3825 cachexiam
849 3752 983 3842 modo,
1011 3779 1142 3827 varum

136 3870 251 3941 etiam
268 3868 315 3939 ad
329 3869 540 3968 hydropem
557 3871 715 3968 gradum
725 3869 822 3961 fieri,
835 3870 1144 3969 frequentissima
