2580 4514
151 367 217 441 182
311 391 357 435 nn
384 387 528 435 surmus
553 390 597 435 rr
622 386 746 436 causis
772 389 983 438 nonaonurr

145 504 260 601 igitur
280 503 423 573 irretita
441 503 536 599 pisa,
551 517 588 573 et
606 502 713 598 quasi
729 502 961 599 agglutinata
978 503 1025 576 ad
1038 504 1126 612 cellu-

146 620 268 692 larum
288 622 464 717 parietes,
481 618 624 690 tamdiu
633 618 858 706 substitisse,
876 620 1002 695 donec
1019 621 1128 719 dysen-

145 740 246 811 teriae
266 737 512 824 torminibus,
534 751 571 808 et
590 735 792 832 dejiciendi
813 737 1013 813 conatibus
1027 738 1130 815 detur·

145 854 337 931 barentur.
1014 924 1024 935 ,,

197 973 252 1049 28.
280 977 422 1044 Verum
440 973 507 1043 etsi
526 972 566 1041 in
581 971 832 1043 tenesmoillo
850 971 1073 1075 explicando
1086 975 1133 1072 qui

147 1089 396 1187 dysenteriam
418 1090 572 1186 excipit,
605 1113 719 1187 saepe,
746 1090 1070 1186 quemadmodum
1095 1092 1134 1163 vi-

146 1207 251 1296 disti,
276 1231 361 1279 cum
381 1192 634 1302 Sydenhimio
652 1205 707 1305 (ι)
724 1207 774 1283 ita
797 1207 955 1298 faciam,
981 1225 1025 1282 ut
1048 1210 1135 1282 ulcus

30 1382 33 1391 .
144 1326 185 1397 in
201 1341 305 1397 recto
324 1325 502 1396 intestino
520 1326 674 1396 minime
692 1349 911 1422 agnoscam3
930 1328 1011 1403 noli
1029 1345 1136 1401 tamer

146 1443 300 1515 credere
323 1468 383 1512 me
404 1443 484 1538 ejus
501 1440 667 1540 dogmati
684 1444 735 1514 sic
754 1442 961 1533 adhaerere,
987 1461 1030 1521 ut
1046 1448 1138 1519 inter

146 1561 236 1631 dum
266 1584 345 1631 non
364 1583 494 1631 verear
521 1584 569 1629 ne
595 1559 721 1645 ulcuS,
746 1575 810 1631 aut
836 1562 938 1635 aliud
962 1563 1017 1637 ibi
1044 1588 1138 1661 grave

144 1680 278 1751 vitium
300 1677 549 1774 dysenteriam
572 1694 847 1777 consequatur,
868 1681 946 1775 jam
965 1680 1137 1779 usqueah

145 1796 397 1875 adolescentia
418 1796 572 1869 edoctus
587 1798 687 1868 exitu
704 1797 900 1893 cujusdam
912 1814 1001 1896 post
1015 1798 1137 1896 dysen-

144 1916 276 1986 teriam
297 1915 336 2000 in
361 1915 426 1985 illo
450 1915 630 1986 intestino
654 1913 815 2003 doloris,
843 1913 890 1985 de
906 1917 1016 2011 cujus
1045 1940 1137 1989 causa

143 2033 214 2103 alia
233 2032 296 2102 alii
316 2057 489 2103 meorum
513 2047 789 2130 praceptorum
811 2034 997 2105 sententia
1020 2032 1136 2109 suerat,

144 2155 239 2223 Cum
259 2152 419 2241 enimin
438 2148 576 2221 femina
595 2152 771 2248 primaria
788 2166 874 2249 post
899 2150 980 2225 dies
1003 2154 1135 2225 circiter

144 2267 363 2365 quindecim
380 2293 449 2366 per
466 2293 505 2340 se
527 2267 694 2341 desiisset
718 2269 951 2364 dysenteria,
975 2295 1135 2368 querere

142 2401 203 2458 tur
222 2402 347 2467 autem
367 2387 430 2457 illa
450 2386 496 2477 de
512 2385 632 2463 infimi
644 2387 812 2459 intestini
835 2384 985 2473 dolore,
1005 2410 1135 2487 semper

100 2546 105 2557 ·
143 2505 295 2602 quidem
313 2530 400 2576 cum
416 2519 649 2581 recrementa
669 2520 855 2602 egereret,
868 2504 934 2576 sed
947 2521 1074 2579 tamen
1090 2531 1134 2579 su·

141 2621 256 2699 binde
283 2625 394 2697 etiam
416 2622 689 2721 punctionibus
711 2622 938 2721 quibusdam
969 2625 1135 2709 molesto;

140 2740 318 2834 credebat
331 2741 423 2812 alter
444 2722 663 2841 hunobsse,
681 2756 723 2813 ut
742 2742 781 2811 in
801 2740 959 2813 delicata
971 2744 1134 2828 muliere,

139 2859 186 2931 ab
202 2860 276 2949 levi
295 2859 476 2949 duntaxat
502 2860 641 2933 intimae
660 2861 795 2931 tunicae
816 2859 1038 2949 abrasione3
1056 2861 1135 2938 atter

138 2992 279 3066 autem,
301 2954 340 3049 iil
368 2993 423 3049 est
450 2976 686 3069 Albertinus,
715 2978 781 3073 qui
810 2977 1135 3063 animadverteret,

139 3120 225 3168 cum
236 3121 282 3167 eo
293 3095 425 3167 dolore
439 3094 619 3193 conjungi
634 3111 768 3193 praeter
777 3092 921 3167 febrem
931 3150 942 3184 ,
951 3096 1134 3169 assiduum

135 3216 317 3313 ponderis
332 3240 503 3304 sensum,
520 3241 600 3287 non
624 3218 705 3287 sine
726 3214 892 3313 quodam
916 3214 964 3293 ad
982 3214 1132 3298 femora,

103 3416 107 3428 ¹
136 3335 310 3430 imosque
350 3316 500 3403 lumbos
533 3357 744 3420 consensu,
777 3349 989 3410 tenesmum
1017 3349 1132 3413 autem

46 3482 52 3495 ¹
134 3454 298 3539 nullum,
319 3466 383 3521 aut
398 3448 474 3522 fere
499 3452 670 3538 nullum;
700 3453 848 3550 gravius
867 3451 1013 3549 aliquid
1037 3475 1131 3525 vere·

134 3568 267 3656 hatur,
295 3567 418 3641 donec
450 3584 558 3641 aucta
583 3568 679 3641 febri
708 3595 795 3647 cum
824 3572 975 3670 rigore,
1013 3583 1130 3668 aperte

171 3941 215 4017 (t)
235 3942 307 3999 Obs.
323 3944 400 3999 med.
417 3945 496 4003 circa
509 3949 605 4005 morb.
620 3959 699 4005 aeut.
711 3967 736 4005 s.
751 3954 783 4017 t,
802 3967 827 4003 c.
845 3946 873 4004 3.
