2580 4514
165 398 226 467 LiB.
256 396 312 444 111.
341 397 387 442 DE
414 392 549 447 MORBIS
567 393 742 455 anmals,
768 393 879 441 EPIST·
907 397 1003 440 XXXI.
1049 395 1110 467 171

126 508 235 587 baisse
257 514 356 598 vitii,
383 511 455 581 nisi
475 509 580 605 quod
605 523 741 580 cuncta
767 512 906 605 pariter
933 517 1060 581 tenuia
1080 526 1117 580 et

135 657 237 702 crassa
256 633 360 699 omni
383 628 539 697 hamore
559 650 712 700 mucoso
731 625 1048 714 destituebantur,
1078 642 1115 699 et

138 765 256 820 rectum
277 761 357 818 erat
374 769 669 847 gangraenosusn.
690 744 801 832 Quod
819 745 848 815 si
866 746 984 815 ullum
1001 748 1038 814 iu
1056 748 1115 842 ip-

140 869 174 938 sis
191 866 399 937 adnotasset
426 862 687 950 ulcusculum,
715 879 795 933 tuin
823 865 899 933 vias
928 866 1117 962 sanguinis

141 1008 226 1080 quem
246 1007 343 1081 aegra
362 982 566 1078 dejecerat,
585 1005 750 1076 quarere
768 1005 846 1049 non
863 980 1053 1051 debuisset
1076 982 1117 1050 in

139 1096 285 1173 extrem'b
316 1103 408 1199 ipsis
427 1111 626 1170 'venarum
665 1099 823 1185 osculis3
854 1101 995 1195 quippe
1023 1124 1117 1194 quas

140 1215 309 1290 skirrhosae
349 1220 388 1287 io
423 1217 649 1288 mesenterio
682 1215 865 1312 glandulae
901 1216 1116 1311 'spasmique

140 1319 448 1422 sonstrinxissent‚
468 1349 510 1406 ut
529 1335 679 1431 sanguis
694 1332 906 1402 uninediate
925 1357 993 1429 per
1008 1358 1049 1403 ea
1066 1357 1118 1404 os-

140 1453 200 1524 sula
218 1454 393 1525 intestina
415 1457 663 1550 regurgitaret
690 1476 768 1520 non
802 1475 908 1522 secus
925 1477 967 1534 ao
993 1476 1116 1522 coeru-

139 1567 196 1640 leus
212 1573 249 1639 in
271 1571 423 1642 easdem
446 1584 561 1641 venas
592 1571 752 1664 injectus
778 1569 936 1655 humor,
967 1570 1118 1640 caerulei

137 1687 258 1759 sudoris
278 1689 457 1760 indiciam
476 1704 565 1760 tunc
589 1689 662 1786 ipsi
683 1687 857 1759 exhibuit
886 1689 983 1758 intra
1010 1691 1118 1759 intes·

140 1804 196 1876 tina
223 1809 572 1898 manifhstisszmum.
605 1812 787 1877 Praeterea
819 1822 874 1878 est
905 1806 1117 1877 observatio

140 1921 369 2013 Whartoni‚a
393 1925 580 2005 Glissonio
596 1926 791 2022 proposita
811 1927 848 1994 in
873 1929 1046 1994 Tractatu
1071 1925 1117 1994 de

138 2045 322 2114 ventriculo
336 2058 373 2114 et
395 2042 598 2130 intestinis,
619 2067 700 2138 quaa
719 2032 813 2112 acum
835 2042 1027 2140 aliquanto
1051 2044 1118 2112 ali-

139 2160 222 2231 tain
238 2159 490 2258 Sepulchseto
506 2160 560 2255 (a)
581 2186 625 2230 ex
637 2165 810 2232 Tractatu
825 2159 959 2231 eodem
977 2159 1118 2230 descri-

139 2269 246 2367 batur,
265 2280 374 2351 nullo
397 2295 500 2350 certo
519 2279 632 2375 hujus
658 2280 822 2350 indicato
845 2280 947 2367 loco;
973 2282 1002 2350 si
1033 2306 1053 2349 a
1082 2295 1116 2360 te

139 2385 260 2490 legetur
276 2421 354 2494 cap.
376 2397 443 2485 23,
461 2423 497 2467 n.
524 2422 558 2466 11
579 2453 588 2484 ,
613 2396 805 2486 ostendet,
826 2411 914 2494 post
932 2422 1118 2467 enormem

140 2512 354 2607 apharmaco
381 2517 573 2612 sanguinis
597 2517 799 2601 vomitum,
821 2513 965 2584 nnllam
980 2521 1017 2582 in
1033 2541 1121 2586 ven-

139 2631 266 2722 triculo,
282 2634 348 2730 qui
367 2633 543 2702 nonnihil
563 2633 754 2730 sanguinis
776 2632 835 2701 vel
857 2621 1117 2728 postmortem

139 2750 353 2837 continebat,
389 2756 640 2848 comparuisse
674 2775 812 2851 agnam
841 2755 915 2819 sive
944 2765 1117 2846 raptam,

138 2867 189 2936 sive
199 2893 345 2938 exesam
359 2923 370 2963 2
390 2868 454 2939 sed
472 2867 585 2937 dorso
603 2866 714 2938 cultri
725 2873 901 2937 interiore
918 2871 1044 2935 tunica
1059 2865 1119 2934 de·

139 2988 230 3074 tersa,
251 3001 344 3057 tunc
363 2991 558 3056 innumera
576 2990 768 3081 sanguinis
785 2983 974 3082 punctula
1003 2977 1118 3062 insa-

119 3087 263 3196 aerficie
291 3103 437 3173 detersa
458 3107 591 3172 sensim
621 3108 882 3199 comparuisse.
909 3105 1007 3172 Num
1027 3128 1117 3172 vero

137 3207 597 3351 detersionegxistiusmodi,
634 3234 676 3290 ut
718 3235 844 3290 censet
885 3219 1116 3307 Glissonius‚

137 3339 219 3423 quasi
233 3338 397 3408 cuticula
415 3335 586 3434 quaedam
606 3336 736 3408 abrasa
755 3333 888 3425 fuerit,
913 3363 1037 3434 neque
1053 3338 1118 3407 ali-

136 3455 176 3518 ter
188 3455 227 3524 in
238 3456 389 3526 vivente
410 3455 656 3552 pharmacum
675 3455 812 3550 egerit,
831 3479 916 3524 cum
933 3456 1012 3551 ipsa
1031 3480 1118 3550 quo

136 3585 190 3660 que
207 3577 364 3647 interior
381 3577 508 3647 tunica
525 3602 603 3646 non
621 3599 726 3665 secus
741 3585 787 3645 ac'
800 3575 894 3645 cutis
912 3575 1041 3645 derasa
1053 3600 1118 3645 cu-

137 3799 1108 3831 Μ

161 3942 198 4022 (1)
215 3952 247 4005 L.
266 3952 300 4022 3,
316 3971 340 4006 s.
359 3951 391 4021 8,
408 3952 469 4009 obs.
485 3974 513 4023 7,
532 3954 562 4008 iu
574 3954 713 4010 additam.
