2580 4514
1063 168 1102 245 n,

168 396 238 445 nin.
259 397 315 445 111.
338 395 385 442 ne
405 393 540 442 nonms
558 390 728 455 venons,
754 387 866 438 mss.
886 386 1023 435 xxxvn.
1054 357 1119 434 521

119 516 163 582 in
182 515 375 596 urinaria,
396 524 433 579 et
452 522 603 594 eontra,
623 529 722 577 unus
734 529 804 604 pro
817 503 943 573 multis
962 529 1040 580 esse
1058 525 1128 600 po-

120 643 196 701 test
212 626 448 699 Abrahamus
468 631 626 697 Vaterus
645 625 699 722 (ι)
719 624 855 696 diserte
874 622 1128 698 confirmans,

120 749 326 845 saepissime
344 760 438 816 certe
457 750 495 814 in
521 750 646 815 vesica
663 741 786 835 fellea
817 743 982 816 calculos
1009 743 1129 813 obser·

120 880 239 936 vatos
257 887 332 933 esse
350 868 387 932 in
405 867 448 931 iis
464 866 531 960 qni
549 860 693 932 calculo
711 861 825 931 simul
840 866 981 932 viarum
998 865 1128 929 urina-

122 987 272 1052 riarnm
300 980 530 1063 laborarunt.
560 980 652 1068 Quis
675 979 790 1076 igitur
814 979 899 1049 talia
924 978 1072 1075 legens,
1093 989 1130 1047 et
1219 1058 1226 1073 x

124 1113 185 1170 tot
203 1097 419 1169 consimiles
433 1093 630 1189 attendens
651 1120 773 1186 casus,
791 1122 870 1167 non
885 1099 1066 1167 continuo
1077 1096 1129 1162 in-

123 1215 271 1314 telligat
287 1213 324 1284 id
345 1213 448 1312 quod
464 1218 639 1302 Vaterus,
651 1216 884 1306 manifestum
904 1239 980 1284 esse
997 1237 1130 1283 causas

125 1346 383 1429 utrorumque
398 1330 630 1403 calculorum
640 1357 774 1430 magna
785 1357 829 1403 ex
839 1347 944 1430 parte
951 1355 1027 1402 esse
1035 1355 1130 1402 com·

123 1449 404 1547 munes?Quod
424 1473 510 1521 cum
530 1452 717 1547 posueris‘,
739 1474 887 1521 mecum
907 1447 1011 1520 facile
1028 1448 1129 1519 arbi-

124 1569 222 1653 trari
238 1567 415 1664 incipies,
438 1566 505 1638 ubi
522 1565 569 1637 ad
587 1581 735 1640 caeteras
749 1566 944 1640 felleorum
965 1566 1130 1638 calculo-

125 1711 217 1758 rum
234 1700 342 1756 notas
359 1682 438 1755 haec
456 1707 609 1782 quoque
629 1687 845 1774 accesserit,
860 1701 903 1755 ut
922 1685 1038 1756 homo
1053 1685 1130 1755 uri-

125 1803 246 1874 nariis
265 1800 414 1875 calculis
425 1801 666 1875 obnoxiussit
677 1802 846 1901 „aliquid
860 1803 1039 1900 ponderis
1051 1825 1130 1874 esse

125 1918 175 1990 ad
194 1918 358 2015 reliquas
373 1919 606 2016 suspiciones
616 1944 873 2008 accessurum,
884 1922 1088 2019 presertim
1100 1920 1130 1992 si

121 2038 231 2134 juxta
250 2059 391 2133 eaquae
418 2060 531 2134 supra
552 2035 629 2134 (2)
648 2037 823 2110 adnotata
841 2054 948 2127 sunt,
970 2039 1000 2110 is
1015 2039 1132 2109 homo

126 2179 256 2253 neque
274 2142 415 2243 infans,
434 2180 559 2251 neque
579 2179 676 2252 puer
690 2157 760 2244 sit,
778 2157 855 2227 imo
871 2171 975 2228 aetate
994 2158 1039 2227 sit
1052 2158 1131 2253 jam

128 2271 255 2345 media
280 2287 345 2343 aut
359 2272 466 2344 senili
480 2297 589 2369 :.quae
599 2272 871 2345 animadversio
884 2266 934 2345 ab'
947 2289 1051 2345 aetate
1069 2274 1133 2347 de·
1205 2310 1208 2317 ·

132 2404 296 2489 sumpta,
316 2389 346 2460 si
360 2415 447 2460 cum
458 2389 537 2460 aliis
552 2389 749 2486 jungatur,
762 2390 892 2485 juvare
906 2392 1015 2461 etiam
1030 2405 1135 2489 pote·

131 2509 183 2579 rit
199 2506 248 2578 ad
267 2506 432 2603 dejectos
449 2507 678 2579 intestinales
694 2508 857 2579 oalculos
882 2507 929 2579 ab
951 2509 995 2580 iis
1014 2510 1135 2606 quiin

131 2623 227 2722 cysti
255 2623 370 2721 geniti
397 2637 544 2710 essent,
565 2623 860 2721 distinguendos.
888 2626 946 2694 Sic
974 2624 1008 2695 cl
1044 2629 1135 2697 Car·
1238 2674 1243 2691 .

127 2741 201 2813 Iius
222 2739 275 2839 (3)
295 2765 380 2811 cum
402 2741 604 2838 quemdam
628 2741 815 2813 calculum
843 2742 910 2838 qui
934 2742 1032 2822 inter
1053 2767 1132 2840 cys·

131 2860 228 2930 ticos
249 2855 495 2946 referebatur,
521 2856 567 2928 ab
589 2858 826 2933 adolescente
852 2858 1040 2955 dejectum
1068 2885 1134 2931 an-

132 3000 272 3047 norum
286 2980 429 3065 XVIII,
449 2975 498 3047 oh
518 2975 557 3046 id
570 2984 781 3074 prcesertim
795 2977 840 3048 ad
859 2977 929 3049 hos
945 2979 1134 3075 pertinere

132 3118 213 3165 non
234 3093 473 3184 credidisset,
492 3094 597 3191 quod
618 3096 685 3173 illa
703 3111 796 3167 oetas
811 3099 1004 3187 nonferat
1020 3077 1148 3193 istim-¹

131 3210 238 3283 modi
263 3213 475 3283 morbosam
501 3212 781 3310 dz'sposc'tionem
810 3212 911 3311 (nec
935 3229 1036 3288 certe
1062 3217 1136 3288 nisi
1157 3298 1163 3309 ,

131 3353 249 3428 quam
271 3331 476 3417 rarissime3
497 3330 536 3399 in
556 3354 676 3426 eoque
698 3332 852 3401 minime
873 3335 972 3404 inter
990 3356 1028 3404 se
1049 3334 1135 3406 con·

130 3446 290 3518 veniunt
308 3442 406 3517 fellei
418 3445 548 3516 calculi
559 3461 595 3516 et
607 3446 803 3543 urinarii);
817 3438 993 3545 cognovit
1005 3466 1135 3546 postea

171 3742 216 3827 (1)
238 3746 315 3802 Diss.
336 3765 424 3820 supra
442 3747 480 3802 ad
496 3765 525 3801 n.
543 3745 578 3802 16
594 3745 644 3802 eit.
658 3746 732 3801 thes.
747 3747 776 3802 8.

171 3842 217 3927 (τι)
238 3848 277 3902 Ν.
303 3843 348 3900 15.

171 3943 215 4027 (3)
238 3947 401 4002 Commere.
415 3945 472 4001 litt.
485 3963 532 4002 an.
550 3947 636 4018 1731,
650 3945 770 4024 specim.
784 3942 839 4014 51,
854 3963 884 4000 n.
898 3964 922 3999 1.
