2580 4514
160 414 233 460 mr.
262 413 318 460 111.
346 412 392 458 aa
418 407 998 475 uonmsvanrms,ar1sr.·xxx.
1041 391 1098 486 93·

107 525 203 614 ihil,
232 527 307 597 nisi
334 523 550 612 sollicitata,
578 517 897 622 egerebat:qu0d
921 527 997 622 jam
1026 527 1091 597 diu

107 669 164 714 no
176 698 188 730 ,
201 645 285 715 sine
297 667 400 739 aegrae
417 667 537 730 noxa,
554 640 717 712 obtineri
734 656 882 739 poterat
901 642 1089 728 remedio,

107 760 236 848 ilulis,
261 774 304 830 ut
330 760 497 830 Venetiis
521 773 674 845 vocant,
696 762 730 828 S.
760 763 903 847 Fuseac,
928 785 1089 856 quarum

107 902 309 975 ›erpaucae,
330 891 445 947 noctu
460 891 629 963 retentae,
650 900 760 946 mane
784 875 937 962 leniter,
962 892 1004 948 ut
1030 901 1088 948 so·

107 1010 184 1084 ent,
214 993 341 1064 alvum
372 992 589 1080 solvebant,
620 991 685 1063 sed
719 992 815 1062 nihil
846 989 924 1062 fere
955 1009 1088 1090 praeter

107 1135 229 1209 quosa
257 1110 505 1206 dejicientem.
543 1107 742 1180 Coceolata
768 1134 920 1205 quoque
952 1111 1088 1183 retine·

107 1243 217 1317 atur,
243 1243 280 1298 et
295 1227 547 1298 ventriculum
566 1225 728 1322 juvabat.
752 1227 871 1321 Hujus
894 1229 1087 1325 regionem

107 1347 114 1416 i
130 1369 252 1417 manu
265 1345 497 1442 explorares,
509 1343 605 1413 nihil
619 1342 672 1414 ibi
692 1359 734 1414 ut
751 1369 875 1440 neque
887 1345 927 1414 in
940 1344 1087 1442 reliquo

107 1478 239 1553 entre,
261 1461 495 1560 percipiebas
513 1460 617 1557 quod
638 1476 734 1533 esset
750 1477 883 1559 praeter
903 1476 1086 1533 naturam.

107 1579 144 1654 id
163 1605 207 1651 ea
231 1605 315 1676 quae
333 1579 583 1666 narravimus,
603 1594 808 1650 accesserat
826 1578 982 1652 hiennio
1002 1596 1089 1654 ante
1120 1581 1124 1583 Δ

107 1696 234 1770 bitum
253 1697 386 1794 pulsus
402 1697 826 1768 intermissio..Matrona
842 1708 967 1770 tamen
982 1700 1089 1770 solita

107 1818 167 1889 itae
184 1817 320 1886 munia
335 1815 437 1885 domi
455 1813 622 1912 forisque
643 1814 749 1886 obire
762 1839 840 1885 non
855 1815 1013 1906 destitit,
1023 1817 1088 1888 do·

107 1958 156 2008 rec
168 1935 297 2005 minus
311 1932 409 2005 bene
433 1958 471 2005 se
498 1931 637 2004 habere
666 1935 856 2022 sentiens,
875 1949 911 2005 et
927 1934 1089 2007 debilior

107 2068 204 2141 acta,
219 2053 464 2123 novissimum
486 2052 568 2121 vitae
585 2074 753 2122 mensem
767 2052 806 2121 in
824 2051 922 2122 lecto
941 2054 1087 2150 exigere

109 2185 218 2242 oacta
245 2182 310 2240 est.
339 2166 397 2238 lbi
416 2192 503 2238 cum
520 2168 663 2255 omnia,
690 2181 726 2238 et
750 2169 788 2237 in
813 2167 872 2239 his
897 2167 1089 2240 coccolata

107 2310 262 2386 proque,
278 2309 461 2356 nauseosa
476 2286 553 2380 jam
572 2299 712 2372 essent,
732 2282 845 2356 lebris
855 2286 1089 2376 animadver-

107 2420 200 2477 nest
219 2429 302 2502 quae
325 2402 429 2473 horis
447 2401 715 2499 pomeridianis
741 2403 929 2499 quotidie,
948 2408 1009 2474 vix
1025 2404 1090 2475 ali-

107 2544 162 2620 [ua
180 2536 309 2592 tamen
335 2519 465 2618 pulsus
484 2517 580 2589 facta
605 2521 813 2590 mutatione
834 2520 1089 2606 increscebat,

107 2654 284 2736 lectuque
310 2637 471 2709 calorem
495 2635 677 2733 augebat..
692 2637 824 2708 Pulsus
856 2653 933 2708 erat
963 2640 1090 2735 potius

107 2779 270 2855 nagnus,
299 2753 385 2843 sed,
417 2767 461 2823 ut
496 2752 657 2839 solebat,
694 2753 956 2825 intermittens.
996 2760 1090 2824 Cum

107 2890 247 2972 iropter
277 2871 350 2941 alvi
381 2870 557 2940 duritiem
582 2869 773 2940 medicum
808 2885 1016 2957 exorasset,
1042 2896 1089 2943 ne

107 2990 255 3065 ›bstaret
276 2987 347 3059 sibi
367 2988 556 3059 consuetis
574 2986 701 3083 pilulis
728 2987 782 3056 uti
817 2987 999 3084 cupienti,
1019 2990 1090 3057 im-

107 3108 210 3179 nanis
227 3103 361 3176 oborta
382 3119 437 3175 est
457 3103 580 3174 cordis
595 3100 788 3199 palpitatio
806 3129 813 3171 ε
831 3128 914 3199 quae
927 3107 994 3176 etsi
1008 3132 1092 3203 pau-

107 3227 141 3298 is
167 3224 292 3296 unciis
320 3221 549 3317 sanguinise
570 3219 726 3290 brachio
754 3219 950 3310 detractis,
974 3220 1089 3296 ferme

107 3342 213 3414 tatim
240 3337 365 3410 sedata
394 3353 468 3424 est;
491 3361 579 3406 mox
603 3351 730 3407 tamen
747 3339 884 3409 iterum
906 3339 1091 3436 ingraves·

107 3481 179 3531 ens
194 3455 354 3529 totidem
373 3481 393 3526 e
411 3453 507 3552 pede
522 3455 644 3551 coegit
663 3452 879 3543 detrahere,
898 3454 999 3525 unde
1013 3481 1092 3526 rur-

107 3598 152 3648 us
171 3574 373 3657 imminuta
393 3587 470 3659 est,
490 3595 569 3641 non
590 3571 641 3641 sic
667 3585 817 3657 tamen,
844 3584 886 3640 ut
905 3586 1034 3668 postea
1052 3574 1091 3643 in

107 3693 283 3763 inistrum
300 3688 397 3760 latus
415 3687 553 3758 cubare
576 3688 722 3758 sineret.
744 3687 856 3759 Nulla
881 3688 994 3759 misso
1014 3713 1094 3760 san·

107 3809 196 3903 mini
210 3821 336 3878 crusta
351 3802 547 3877 insidebat.
567 3806 656 3876 Dies
669 3817 754 3901 post
773 3803 936 3901 aliquot,
957 3804 1096 3876 duritia

107 3923 166 3996 dvi
189 3945 321 3995 rursus
347 3937 528 4020 urgente,
545 3921 629 3995 lene
655 3923 792 4014 clysma
812 3922 1096 4019 palpitationem
