2580 4514
247 354 317 454 578
418 370 463 423 nt
489 376 633 423 sumnus
658 378 702 422 un
727 374 853 423 causls
878 374 1097 426 nonnonnu
1153 370 1159 391 ¹

244 506 388 565 cerunt.
408 492 465 560 Sic
484 491 524 560 in
547 488 693 560 duabus
711 512 793 585 quae
821 512 942 588 supra
967 490 1025 588 (1)
1048 504 1233 564 memorate

244 625 349 695 sunt,
366 608 567 680 Camerarii
590 621 627 677 et
647 607 785 703 Hoyeri
805 605 1146 683 observationibus
1169 628 1234 681 cun

243 726 306 797 ille
321 740 416 798 esset
427 724 660 822 perforatus,
674 748 751 794 non
769 725 910 794 mirum
927 722 1003 797 fuit
1018 727 1126 824 quod
1142 731 1193 797 vix
1202 728 1235 797 le

243 844 337 913 viter
346 845 464 914 inciso
475 857 643 913 tumente
653 840 856 912 abdomine
866 896 876 930 ‚
888 843 1069 939 primum
1081 848 1235 931 omniun,

245 985 322 1033 non
334 962 412 1031 sine
431 984 527 1031 sono
544 974 580 1029 et
592 959 729 1043 fetore,
744 956 855 1031 flatus
867 963 1140 1059 proruperint.
1159 961 1235 1032 Iden

243 1093 367 1148 tamen
381 1075 548 1146 accidere
562 1076 672 1145 etiam
685 1099 770 1145 cum
783 1077 968 1147 intestina
978 1103 1065 1149 non
1080 1093 1165 1151 sunt
1176 1102 1236 1177 per·

242 1208 340 1279 tusa,
359 1192 436 1263 aliae
457 1191 661 1263 ostendunt
686 1190 1000 1282 observationes,
1032 1197 1113 1267 sive
1132 1221 1170 1269 ea
1185 1197 1237 1268 sint

243 1335 438 1410 gangraena
455 1307 604 1393 affecta,
622 1324 665 1379 ut
682 1308 783 1406 apud
800 1310 1003 1383 Meadium
1022 1311 1109 1410 (a),
1128 1314 1239 1387 sivesi·

243 1428 618 1526 muladgangraenam
629 1426 828 1514 inclinent,
839 1428 957 1501 simul
967 1433 1143 1505 exterius
1149 1454 1238 1531 pravo

242 1552 316 1622 sint
339 1549 498 1617 humore
526 1541 696 1643 perfusa,
720 1545 820 1633 intus
846 1560 978 1618 autem
1014 1548 1168 1623 flatibus
1184 1566 1239 1621 tn·

242 1665 345 1764 gida,
360 1682 401 1735 ut
420 1663 521 1762 apud
535 1663 580 1733 cl.
599 1661 869 1732 Gullmannum
889 1664 974 1761 (3),
1003 1668 1088 1740 sive
1111 1667 1241 1740 nihilu
1279 1658 1282 1663 ¹

243 1782 428 1878 ejusmodi
446 1804 592 1862 rerum,
611 1778 682 1849 nisi
693 1779 798 1875 quod
813 1794 850 1850 et
868 1781 955 1877 ipsa
972 1798 1014 1856 et
1033 1786 1241 1858 ventriculus

242 1901 443 1971 immanem
463 1899 535 1968 sint
554 1897 592 1964 in
611 1894 768 1966 modum
791 1894 948 1987 inflata,
972 1914 1020 1971 ut
1047 1902 1151 2001 apud
1168 1904 1242 1975 Men

243 2015 409 2089 cklinum
426 2018 500 2110 (403
518 2013 593 2084 sive
610 2011 759 2083 demum
774 2037 822 2084 ne
835 2010 911 2084 hoc
926 2018 1116 2114 quidem,
1134 2020 1242 2094 sedin·

243 2136 376 2209 testina
385 2147 507 2231 prout
522 2129 622 2199 alias
642 2134 814 2217 insanis,
831 2155 871 2200 se
886 2131 1092 2227 habeant,
1108 2154 1149 2211 ut
1162 2135 1242 2237 apud

186 2274 190 2291 ¹
242 2253 308 2325 cel.
328 2245 612 2344 Heisterum(5).
628 2247 700 2318 Sed
710 2248 750 2316 in
763 2246 822 2318 his
836 2246 1016 2340 duobus,
1031 2256 1075 2327 in
1091 2258 1240 2354 aliisque,

242 2371 340 2466 siqui
353 2366 449 2442 forte
476 2379 694 2451 occurrant,
713 2365 897 2460 ejusmodi
919 2370 1106 2462 casibus,
1129 2372 1243 2472 quibus
1282 2390 1284 2419 ¹

242 2488 309 2558 viis
325 2510 448 2557 aerem
466 2485 505 2553 in
525 2484 667 2553 ventris
681 2506 812 2552 cavum
827 2489 1057 2579 pervenisse
1075 2488 1243 2565 dicemus?
1281 2490 1284 2515 ¹

242 2608 329 2674 Esse
348 2600 527 2699 quasdam
545 2622 672 2696 posse,
695 2598 860 2695 aliasque
891 2602 986 2676 alias
1013 2634 1114 2705 quas
1138 2621 1242 2680 mente
1282 2600 1284 2611 '

242 2745 321 2791 non
341 2742 603 2815 assequamur,
626 2714 819 2786 fatendum
835 2732 900 2788 est.
928 2723 1008 2794 Sed
1030 2741 1240 2799 tamencum

240 2836 454 2909 flatulentos
473 2831 656 2929 quosdam
676 2844 842 2904 tumores
859 2835 1065 2912 interdum
1092 2845 1198 2916 certis
1210 2842 1238 2911 iu

240 2951 444 3025 visceribus
464 2949 756 3046 conspiciamus3
777 2972 845 3019 cur
866 2976 949 3022 non
977 2961 1106 3054 possit
1123 2966 1238 3045 uenus

240 3069 349 3154 alibi,
367 3069 473 3139 sicin
496 3066 636 3136 ventris
660 3089 752 3135 cavo
777 3067 975 3141 interdum
999 3076 1109 3148 coire
1122 3078 1137 3147 ἱ)
1150 3071 1235 3147 sellis

240 3186 457 3270 vesiculam,
475 3182 635 3276 exempli
647 3205 776 3272 eausa,
787 3206 889 3273 aere,
907 3188 984 3261 suh
1002 3195 1234 3266 exteriorem·

250 3386 322 3398 ...-

282 3517 324 3598 (1)
345 3520 383 3574 Ν.
405 3534 451 3589 19.

278 3618 322 3694 (a)
344 3615 451 3671 Monit.
466 3613 571 3671 medic.
587 3632 612 3668 c.
626 3612 656 3669 8.

281 3715 324 3794 (3)
344 3718 419 3790 Eph
436 3716 475 3770 N.
488 3716 521 3770 C.
541 3722 618 3769 cent.
635 3730 668 3781 7,
685 3711 813 3786 obs.89.

281 3815 326 3890 (4)
345 3815 484 3871 Earumd.
503 3814 566 3868 dec.
583 3813 612 3882 3,
628 3815 665 3868 A.
681 3811 717 3880 3,
732 3811 798 3875 obs.
818 3819 887 3879 14²·

281 3914 308 3949 f
285 3912 322 3987 a)
343 3913 481 3969 Earumd.
492 3921 567 3967 cent.
581 3908 616 3978 5,
633 3910 697 3965 obs.
708 3909 757 3977 84.
