2580 4514
245 106 312 187 140
406 127 451 171 nn
478 122 623 172 sturnus
650 126 694 171 ar
721 125 844 173 caosrs
870 124 1083 171 monacnum

243 239 313 306 rim
333 236 463 324 libras,
483 239 703 322 minimum,
723 237 909 309 sexdecim
927 261 1035 334 aquae
1047 257 1227 333 propemo
1259 262 1290 328 ²..

246 352 337 422 dum
356 353 530 451 limpidae.
551 360 667 425 Leves
690 370 796 424 erant
813 353 982 440 dolores,
1000 378 1081 422 non
1100 350 1225 423 creber·
1288 415 1290 422 .

246 473 366 557 rimae,
384 470 447 541 sed
463 496 604 568 magnae
625 475 834 568 egestiones
851 498 857 538 :
877 495 960 566 quae
985 470 1225 565 nescioquem
1277 427 1290 522 l

247 586 429 657 habitura
459 586 615 660 fuissent
637 586 772 676 finem,
797 588 870 658 nisi
893 613 952 659 me
978 586 1152 682 quaedam
1167 605 1225 652 mo
1281 555 1290 642 l

248 704 338 774 lesta
348 706 524 776 nauseola
534 706 809 792 admonuisset,
825 720 866 775 ut
880 703 1009 802 tepido
1017 704 1104 798 jure
1116 702 1229 773 hausu
1287 675 1290 744 l

250 825 439 920 experirer
453 825 671 894 vomitionis
688 823 877 894 auxilium.
896 826 1007 912 Quae,
1026 823 1096 893 etsi
1110 819 1155 890 ad
1166 840 1233 890 eam

250 941 404 1010 minime
424 957 557 1010 natura
578 941 754 1038 proclivis
772 965 872 1027 sum,
894 954 1074 1036 prompte
1092 936 1182 1008 adeo
1194 932 1235 1005 le·

251 1057 449 1152 liciterque
468 1060 658 1145 successit,
676 1073 718 1128 ut
738 1057 921 1128 subviridi
937 1057 1080 1151 rejecto
1096 1076 1238 1151 corpus·

254 1176 360 1259 culo,
378 1173 482 1270 quod
503 1199 660 1272 parvum
680 1190 793 1247 coctae
811 1174 936 1251 herbae
954 1171 1088 1245 folium
1106 1169 1242 1242 rideba³

254 1307 337 1377 tur,
371 1290 480 1361 simul
512 1317 671 1378 nausea,
700 1290 809 1363 simul
841 1292 914 1361 alvi
943 1289 1067 1362 fluxus
1099 1289 1239 1361 omnino

255 1409 552 1503 conquieverint.
574 1409 646 1480 Sed
663 1434 843 1480 verumne
869 1405 1002 1477 folium
1020 1423 1138 1495 esset,
1155 1402 1239 1491 et,si

256 1541 355 1612 erat,
377 1526 529 1622 quando
547 1545 611 1598 aut
629 1526 694 1598 ubi
713 1526 978 1613 comedissem,
995 1525 1238 1596 invenirenon

256 1663 447 1744 poteram,
467 1651 538 1719 nisi
557 1647 652 1719 forte
669 1651 707 1718 in
727 1652 808 1736 via,
827 1674 913 1719 curn
932 1647 1151 1745 quidpiam,
1168 1645 1240 1716 dum

259 1765 346 1859 equi
367 1764 626 1851 mutabantur,
647 1767 743 1853 citu,
762 1781 803 1835 ut
825 1763 890 1853 fit,
908 1766 947 1834 in
970 1763 1180 1836 diversorio
1196 1784 1242 1831 ca·

259 1906 404 1978 perem,
422 1883 514 1953 illud
538 1883 724 1980 quidquid
741 1899 842 1971 erat,
859 1908 936 1952 non
956 1882 1245 1953 animadversum

261 1997 447 2123 devoravi5
460 2005 610 2092 Quanto
625 2016 749 2072 autem
765 2002 803 2071 iu
823 2000 994 2098 periculo
1009 1997 1161 2087 fuerim,
1172 2013 1246 2069 tnnc

261 2119 377 2214 magis
397 2120 561 2189 intellexi
576 2119 642 2190 ubi
661 2118 841 2216 postridie
860 2118 952 2186 mihi
979 2141 1121 2214 corpus
1137 2115 1210 2186 vidi
1221 2126 1249 2183 et

262 2232 393 2305 faeiem
422 2239 625 2334 presertim
651 2263 693 2308 ac
718 2262 851 2308 manus
877 2235 980 2306 haud
1005 2260 1116 2307 secus
1144 2233 1251 2306 subse

264 2351 378 2439 disse,
397 2379 510 2450 quam
529 2354 575 2425 ab
597 2354 778 2426 diuturno
796 2355 1091 2452 gravissimoque
1108 2349 1254 2433 morbo,

264 2485 404 2541 tantam
423 2497 512 2541 vero
532 2474 607 2542 oris
620 2489 655 2542 et
668 2471 832 2543 faucium
850 2470 1061 2541 ariditatem
1087 2471 1206 2557 sensi,
1222 2478 1257 2537 ut

264 2590 434 2684 quamvis
451 2589 656 2660 identidem
673 2591 895 2675 colluerem,
909 2587 1005 2658 nihil
1023 2586 1259 2684 proficerem

267 2731 402 2802 aquarn
430 2722 552 2776 autem
580 2733 653 2804 qua
680 2709 760 2802 ejus
783 2708 837 2778 rei
862 2707 977 2803 gratia
1005 2730 1097 2777 usus
1130 2728 1259 2785 essem,

268 2847 354 2892 curn
377 2848 421 2892 cx
446 2847 512 2892 ore
536 2825 574 2892 in
597 2824 734 2921 pelvim
761 2824 956 2918 ejicerem,
985 2821 1206 2920 subnigram
1229 2820 1262 2888 in

268 2940 351 3035 ipso
367 2964 432 3009 ore
447 2938 579 3010 factam
595 2956 812 3038 spectarem.
836 2945 919 3010 Haec
932 2954 1057 3010 autem
1074 2954 1112 3012 et
1128 2939 1262 3010 lassitu·

269 3057 318 3127 do
337 3056 433 3128 duos
448 3073 568 3130 tresve
586 3059 665 3129 dies
682 3061 731 3129 ita
754 3059 954 3145 durarunt,
975 3074 1016 3129 ut
1040 3058 1182 3129 sensim
1205 3055 1264 3125 mi·

270 3190 488 3246 nuerentur.
508 3176 579 3246 Sed
599 3175 765 3271 dejectus
781 3174 952 3247 ciborum
969 3170 1264 3271 cujusquemodi,

272 3308 323 3381 et,
345 3293 451 3389 quod
467 3295 507 3363 in
525 3308 627 3364 tanta
643 3293 812 3364 ariditate
835 3296 952 3391 magis
969 3293 1140 3379 mireris,
1165 3288 1264 3364 etiam

271 3411 471 3508 potionum
499 3412 686 3508 appetitus
710 3413 954 3509 perstiterunt
979 3409 1176 3506 aliquanto
1192 3408 1263 3478 diu·

272 3529 365 3615 tius,
381 3529 502 3600 donec
527 3552 629 3600 assus
654 3531 765 3627 piscis
784 3547 820 3601 et
841 3531 919 3600 vini
939 3528 1134 3627 quoddam
1159 3545 1261 3627 genus

273 3661 403 3745 suapte
430 3661 563 3718 natura
585 3645 825 3721 subamarum
854 3647 902 3719 ab
926 3628 1124 3721 stomacho
1154 3637 1260 3743 appeti
