2580 4514
238 329 282 401 16
401 347 621 415 nnseomus
647 349 690 396 nr
716 345 841 396 cnusrs
867 347 1076 396 nonnosum

233 463 374 564 quibus
391 486 501 536 causa
523 462 655 534 mortis
676 460 801 532 inedia
823 456 913 548 fuit3
937 459 1002 532 sed
1025 462 1063 530 in
1083 475 1244 560 utraque

232 582 322 653 vitia
345 580 531 679 ejusmodi
556 580 715 678 legimns
738 581 974 650 internarum
994 580 1181 677 partium,
1201 595 1244 653 ut

234 724 322 773 cum
336 698 383 770 ad
397 696 553 770 morbos
571 697 649 768 haec
668 697 862 769 attinuisse
879 720 1147 795 agnoscamus,
1175 724 1245 771 cae-

232 831 315 889 tera
335 817 398 887 illa
414 841 495 913 quae
515 815 628 911 paulo
644 829 731 885 ante
744 814 1144 903 commemoravimus,
1164 841 1244 888 non

141 938 144 945 ’
232 959 464 1036 magnopere
480 933 747 1006 desideremus.
771 936 932 1020 Contra,
949 956 970 1002 a
988 928 1244 1030 praestantissi-

231 1078 297 1129 mo
317 1058 487 1122 Fantono
507 1049 566 1148 (1)
581 1049 732 1121 illorum
751 1042 933 1155 pleraque
949 1048 1127 1123 adnotata
1157 1066 1245 1124 sunt

234 1170 434 1270 diligenter
450 1171 492 1263 in
514 1169 670 1242 muliere
690 1192 773 1266 quae
796 1156 844 1239 ad
863 1166 1240 1267 quinquagesimum,

236 1315 315 1389 quo
336 1288 451 1376 obiit,
479 1285 578 1356 diem
604 1283 731 1357 cibum
750 1286 1047 1384 pertinacissime
1067 1288 1245 1385 repudia-

228 1408 292 1478 vit.
314 1406 384 1478 Sed
400 1428 486 1476 cum
508 1403 713 1501 pauxillum
728 1417 855 1475 tamen
877 1403 936 1477 bis
958 1405 1182 1504 sumpserit,
1207 1421 1246 1479 et

229 1508 337 1626 quod
355 1523 476 1621 pluris
488 1502 705 1594 faciendum
724 1536 797 1612 est,
814 1547 918 1620 aquae
939 1538 1052 1621 potu,
1070 1524 1244 1621 quamvis

226 1646 471 1743 paucissimo,
483 1654 673 1733 uteretur3
689 1665 768 1711 non
783 1654 839 1712 est
850 1663 937 1712 cum
952 1668 997 1714 eo
1010 1642 1093 1713 viro
1104 1641 1151 1713 de
1163 1667 1243 1751 quo

228 1762 355 1860 primo
383 1759 470 1833 loco
502 1759 736 1831 mentionem
768 1756 943 1851 fecimus,
971 1756 1240 1860 comparanda,

228 1881 343 1975 Aquae
360 1877 462 1970 enim
478 1889 592 1974 potus
609 1891 815 1973 quantum,
840 1875 1046 1949 humorum
1073 1878 1243 1976 inopiam

228 1993 438 2067 minuendo
450 2007 490 2064 et
506 1978 753 2089 acrimoniam
772 1993 1041 2093 temperando,
1063 2021 1147 2094 quae
1163 1995 1241 2071 duo

173 2142 177 2152 ·
230 2111 410 2184 famelicis
432 2112 592 2187 maxime
619 2127 780 2200 nocent,
805 2113 938 2210 juvare
964 2114 1085 2211 possit
1105 2111 1151 2184 ad
1176 2139 1242 2186 eo-

227 2253 316 2302 rum
333 2231 450 2301 vitam
465 2228 770 2327 producendam,
782 2230 890 2327 Redii¹
907 2229 965 2329 (a)
984 2231 1241 2328 experimenta

231 2345 502 2446 comprobant,
520 2349 587 2444 qui
606 2347 736 2446 plures
762 2349 842 2422 sine
863 2347 944 2422 ullo
966 2346 1052 2419 cibo
1077 2372 1241 2449 capones

228 2489 400 2554 servans,
417 2489 551 2539 eorum
571 2463 710 2561 quibus
731 2480 866 2564 potum
892 2490 1046 2562 quoqne
1071 2469 1239 2567 negavit,

226 2583 376 2671 nullum
392 2583 489 2681 ultra
507 2607 654 2667 nonum
676 2582 776 2656 diem
794 2582 929 2665 vixisse
950 2576 1238 2685 animadvertit,

225 2723 312 2773 cum
325 2701 387 2793 ille
398 2700 460 2771 cui
470 2715 653 2797 quantum
666 2725 774 2798 aquae.
784 2701 922 2787 voluit,
933 2700 1237 2800 praebuit,quam

226 2818 360 2891 diebus
375 2818 511 2916 primis¹
523 2817 711 2903 sexdecim
724 2818 937 2893 avidissime
958 2813 1237 2921 saepissimeque

223 2934 398 3021 bibebat,
411 2922 634 3031 vigesimum
655 2939 890 3034 superaverit
903 2937 1015 3009 diem.
1033 2940 1110 3035 Nec
1129 2935 1238 3039 facile

152 3060 154 3065 ’
227 3051 358 3141 credo,
378 3076 465 3123 cum
487 3054 721 3151 Pomponius
741 3055 886 3124 Atticus
911 3051 965 3151 (3)
988 3054 1101 3127 vitam
1124 3053 1237 3127 simul

226 3196 312 3243 cum
330 3170 467 3267 morbo
484 3171 705 3268 gravissimo
718 3168 841 3242 finivit
855 3175 952 3244 intra
966 3175 1143 3270 quintum
1156 3175 1236 3246 ine-

226 3287 294 3385 diae
316 3287 433 3375 diem,
451 3290 620 3384 primum
638 3284 810 3360 futurum
831 3288 964 3378 fuisse,
984 3307 1027 3362 ut
1041 3292 1237 3383 subitofe·

224 3407 299 3513 bns
309 3404 521 3492 decederet,
540 3406 737 3503 leviorque
758 3409 914 3481 morbus
934 3433 1014 3481 esse
1031 3410 1235 3507 inciperet,

235 3588 1233 3617 —ffl—mq

263 3707 308 3784 (ι)
327 3709 452 3766 Dissert.
467 3716 548 3764 anat.
563 3724 667 3779 renos.
684 3726 711 3764 1.

259 3806 302 3883 (a)
323 3810 477 3864 Osaervaz.
492 3807 546 3860 int.
559 3807 619 3882 agli
631 3806 752 3864 animali
766 3807 899 3880 viventi,
915 3821 971 3868 etc.

260 3906 305 3986 (3)
325 3907 394 3965 Vid.
409 3905 472 3979 ejus
483 3905 575 3964 vitam
585 3907 666 3983 apud
678 3909 768 3967 Corn.
779 3911 808 3967 N
811 3922 890 3985 epot.
