2580 4514
137 393 211 440 nur.
233 391 291 437 ur.
320 390 376 435 nir·
394 386 528 469 normis
548 386 719 452 vnnrnrs,
744 388 854 436 nrrsr.
877 391 997 437 xxxiv.
1027 366 1096 466 269

103 507 212 578 uuum
237 504 301 575 hic
325 504 478 574 minime
503 496 722 599 praeteribo,
751 502 855 598 (prod
882 519 989 576 antea
1018 531 1097 577 non

103 623 209 695 nodo
233 647 316 693 non
337 619 522 707 videram,
551 618 616 690 sed
646 643 767 716 neque
796 619 1009 694 audiveram
1035 639 1100 696 aut

103 743 261 849 legeram
278 765 299 810 a
317 761 512 836 quoquam
529 738 668 823 visum,
691 752 733 807 ut
757 762 880 833 neque
906 755 1034 837 postea
1050 740 1097 812 ab

103 859 231 930 exteris
243 858 333 927 viris
345 853 853 942 eruditissimis,humaniter
865 881 924 926 me
940 858 1099 937 invisen·
1163 861 1166 866 ’

103 975 213 1061 tibus,
229 973 365 1045 audivi.
384 975 474 1063 Quae
491 971 665 1042 videlicet
686 994 792 1042 causa
812 967 901 1060 fuit,
920 997 1097 1048 curmeas

103 1091 278 1190 quasdam
307 1090 589 1161 observationes
616 1088 662 1160 cl.
690 1089 875 1188 Morando
905 1090 1099 1188 (1)quam

103 1209 340 1308 paucissimis,
351 1222 394 1277 ut
406 1205 460 1294 fit,
471 1206 594 1279 vebis
604 1206 785 1296 indicans,
800 1222 947 1280 coeteras
957 1210 1098 1309 quippe

103 1327 184 1399 ilias
197 1353 219 1398 a
237 1351 297 1397 me
308 1325 356 1396 ab
373 1325 499 1396 aliisve
517 1327 628 1396 etiam
641 1323 786 1395 habitas
800 1324 936 1397 diserte
953 1341 1100 1424 praeter-

103 1443 267 1526 mittens,
286 1442 386 1513 hanc
407 1466 520 1511 unam
538 1443 760 1539 exciperem.
780 1441 927 1514 Scilicet
940 1444 978 1513 in
999 1440 1100 1514 femi-

103 1584 143 1632 na
156 1586 242 1658 quae
259 1559 354 1629 nulli
375 1556 510 1629 morbo
525 1557 573 1629 ad
587 1559 888 1629 circumitionem
908 1561 1098 1658 sanguinis

103 1677 268 1751 ittinenti
284 1675 467 1762 obnoxia,
486 1675 629 1746 adeam
646 1700 760 1773 quam
775 1700 886 1774 supra
901 1677 996 1767 dixi,
1016 1694 1098 1750 aeta-

103 1810 170 1866 tem
192 1792 438 1892 pe‘rvenerat3
458 1808 495 1863 et
512 1794 619 1888 cujus
641 1791 765 1864 cordis
788 1792 1098 1894 adjectorumque

103 1936 274 1985 rasorum
287 1910 476 2009 particulae
497 1934 654 2008 quaeque
668 1964 677 1997 ,
693 1933 713 1979 a
728 1933 788 1980 me
806 1927 978 1984 accurate
993 1937 1099 2011 pers-

103 2043 233 2127 pectae,
254 2027 349 2098 nihil
378 2027 475 2112 vitii,
504 2027 599 2097 nihil
626 2041 759 2124 praeter
785 2028 1099 2101 consuetudinem

103 2145 332 2231 habuerant,
357 2145 395 2213 in
424 2143 520 2214 ostio
544 2145 686 2214 arteriae
705 2145 961 2242 pulmonaris,
984 2149 1098 2218 trium

103 2263 334 2337 mlvularum
363 2260 467 2348 loco,
491 2277 654 2357 quatuor
686 2261 940 2359 deprehendi,
970 2279 1006 2336 et
1025 2263 1099 2338 fre-

103 2380 375 2479 quentissimae,
395 2402 477 2475 quae
492 2377 642 2466 aderat,
662 2376 858 2450 doctorum
875 2382 1043 2454 virorum
1065 2399 1101 2456 et

103 2499 283 2591 iuvenum
301 2495 558 2568 studiosorum
575 2519 723 2567 coronae
739 2497 1011 2588 demonstravi,
1033 2527 1099 2572 cae-
1132 2494 1135 2500 ’

103 2629 265 2687 terarum
277 2638 361 2712 quae
373 2612 427 2684 ibi
443 2614 601 2714 spectari
617 2613 757 2701 solent,
779 2615 1013 2704 consimiles;
1029 2620 1101 2689 nisi

103 2731 206 2831 quod
232 2756 309 2802 nna
330 2730 539 2831 secundum
564 2755 696 2802 omnes
726 2731 979 2804 dimensiones
1003 2733 1109 2822 erat,

103 2874 171 2923 nec
189 2840 303 2946 paulo
323 2850 461 2943 major3
487 2847 808 2946 quemadmodum
832 2847 907 2920 huc
929 2851 1103 2938 veniens,
1140 2935 1143 2941 .

103 2990 189 3039 nam
199 2967 405 3065 etiamnum
419 2967 458 3035 in
475 2980 563 3061 apto
577 2965 738 3036 humore
753 2989 902 3036 asservo
914 3020 923 3052 ,
936 2965 1103 3063 aliquan-

103 3082 156 3157 do·
168 3083 399 3180 conspicies:
416 3106 459 3154 ea
471 3081 598 3155 sedem
610 3083 708 3155 inter
719 3098 865 3181 coeteras
878 3086 1102 3156 anteriorem

103 3225 144 3275 ac
156 3190 431 3274 sinisteriorem
447 3199 653 3272 obtinebat.
670 3204 830 3288 Verum,
853 3204 939 3271 cnm
951 3202 1030 3272 haec
1047 3229 1104 3273 re·

103 3342 319 3406 censerem,
336 3319 483 3416 gavisus
504 3341 587 3389 sum
606 3317 705 3387 hanc
727 3316 1026 3391 observationem
1046 3345 1104 3391 ra-

103 3437 288 3509 rissimam
306 3433 480 3532 quidem,
503 3435 663 3508 sednon
682 3435 853 3522 unicam,
871 3461 892 3506 a
911 3461 970 3507 me
991 3460 1104 3535 supra

103 3552 242 3627 dictam
259 3549 381 3624 fuisse.
400 3555 494 3624 Nam
512 3551 665 3623 tandem
685 3553 783 3623 inter
804 3567 860 3622 tot
880 3551 961 3624 illas
979 3577 1021 3623 ac
1043 3577 1105 3623 va-

138 3926 189 4007 (r)
210 3925 288 3983 Hist.
301 3925 336 3982 de
348 3926 460 3989 l'Acad.
473 3926 614 4002 Royzde's
628 3926 676 3984 Sc.
690 3943 739 3981 en.
759 3933 849 3999 1741,
868 3927 932 3983 obs.
945 3938 1023 3983 anat.
1037 3948 1066 3998 7.
