2580 4514
168 360 247 410 ma.
272 346 326 412 nl.
347 362 392 410 ua
410 363 545 410 aronam
561 360 734 426 vaurms,
752 331 863 411 a'rrsr.
886 366 1037 412 xxxvnr.
1069 335 1134 412 551

119 459 454 571 protuberaverat.
473 481 552 547 Hoc
567 500 690 546 serum
703 475 824 546 vitreo
836 500 920 548 *vase
939 493 1138 574 exceptum

119 593 210 664 lotii
226 592 416 666 referebat
431 594 597 664 colorem
612 649 621 681 ‚
639 614 793 690 unoque
811 607 875 664 aut
894 594 1012 665 altero
1034 595 1139 666 circi-

119 720 181 780 ter
215 711 422 806 lnterje'cto
446 710 525 797 die,
550 724 860 782 concrementum
885 711 1061 782 innatans
1087 734 1143 783 os·

119 826 256 898 tendit
278 824 372 898 adeo
395 824 567 913 firmum,
585 841 627 897 ut
645 846 692 898 ne
709 828 846 924 agitato
863 824 1016 923 quidem
1032 841 1141 913 vase,

119 947 156 1014 in
182 950 318 1041 partes
332 943 582 1016 divelleretur.
603 945 785 1040 Reliquus
798 943 953 1030 humor,
974 946 1053 1042 igni
1070 946 1141 1014 im-

119 1061 298 1159 positus,
321 1060 432 1158 paulo
458 1076 545 1159 post
566 1061 741 1132 turbidus
760 1070 796 1132 et
819 1062 979 1132 crassior
1004 1056 1141 1149 lactus,

119 1192 220 1250 mox
242 1177 363 1249 levem
383 1181 663 1250 concretionem
682 1180 720 1248 in
738 1168 918 1289 lateribus
935 1180 1033 1250 vasis
1046 1179 1144 1250 exhi·

119 1295 226 1368 ltere
249 1296 363 1393 coepit
385 1322 392 1364 :
415 1295 681 1393 progrediente
705 1286 830 1366 autem
859 1296 1143 1392 evaporatione,

119 1404 348 1512 pelliculam
362 1415 400 1483 in
415 1429 563 1484 summo
588 1412 798 1484 efformavit
816 1440 823 1481 :
849 1413 1142 1511 se·d,postquam

119 1533 178 1604 lic
213 1527 313 1600 infra
338 1530 537 1602 dimidium
557 1529 792 1617 decreverat,
825 1530 955 1602 similis
984 1533 1145 1601 omnino

119 1649 251 1722 evasit
264 1651 447 1720 cremoris
464 1648 676 1719 hordeacei.
700 1652 825 1745 Hepar
840 1649 996 1720 maculis
1016 1642 1142 1720 subal·
1177 1655 1183 1664 ’

119 1765 192 1838 bis
208 1764 273 1835 hic
296 1765 372 1838 illic
393 1765 612 1837 distinctum
639 1765 846 1861 majoribus
871 1766 1052 1853 exterius,
1071 1766 1142 1835 mi-

119 1881 296 1956 rioribus
308 1884 408 1955 intus
427 1883 599 1982 pallebat.
619 1885 710 1955 Lien
735 1883 938 1981 praedurus.
963 1883 1142 1983 Lymphae

120 2019 221 2074 vasa
237 2001 336 2071 circ'a
348 2000 499 2072 lumbos
513 1999 686 2099 infraque
705 2027 773 2100 per
792 2004 971 2073 interiora
988 2004 1142 2090 veturia,

121 2118 225 2191 satis
236 2114 430 2189 manifesta
448 2134 568 2215 perse
584 2117 847 2189 occurrebant.

177 2239 226 2305 In
246 2233 409 2306 thoracis
427 2237 574 2306 sinistra
590 2249 700 2305 cavea
717 2234 885 2332 undique
901 2235 1046 2306 solutus
1064 2246 1143 2307 erat

123 2350 287 2452 pulm'o;
315 2368 352 2423 at
376 2354 416 2422 in
445 2352 596 2437 dextera
620 2359 701 2422 toto
729 2351 872 2421 ambitu
897 2350 942 2421 ad
971 2352 1140 2455 pleuram

121 2469 281 2557 multis,
295 2471 416 2567 iisque
435 2470 645 2567 implicitis,
664 2468 969 2571 membranarum
983 2468 1142 2541 nexibus

120 2585 391 2684 alligabatur:
420 2613 512 2685 quas
542 2589 572 2658 si
605 2586 842 2658 membranas
869 2599 1143 2674 contrectares,

123 2690 294 2777 multum
311 2706 382 2777 s'eri
402 2707 441 2775 in
455 2728 584 2775 earum
604 2704 811 2776 interstitiis
826 2703 995 2774 conclusi
1011 2704 1142 2802 ‘prodi-

125 2824 210 2896 bat.
233 2823 366 2894 Cordis
380 2822 525 2894 sinibus
545 2838 679 2920 magna
700 2823 807 2919 copia
825 2823 1016 2918 sauguinis
1030 2825 1144 2894 conti-

128 2939 299 3012 nebatur
324 2939 429 3010 lluidi
461 2940 656 3036 diluteque
685 2939 878 3027 rubentis,
908 2953 950 3008 ut
982 2941 1020 3009 in
1047 2941 1143 3013 vasis

128 3056 334 3130 omnibus:
352 3073 506 3156 eratque
525 3082 592 3129 cor
608 3060 706 3129 intra
727 3076 873 3144 serum,
890 3064 968 3153 quo
988 3059 1134 3155 pericar

126 3177 237 3248 diurn
257 3199 336 3246 non
357 3175 551 3274 oppletum
579 3175 715 3255 modo.
740 3175 865 3246 sedet
887 3174 995 3248 valde
1023 3174 1145 3249 fuerat

130 3294 341 3364 dilatatum.
369 3298 450 3377 Hoc
477 3293 677 3393 pericardil
694 3288 817 3365 §erum
835 3347 844 3382 ,
864 3293 933 3403 elsi
960 3295 1091 3414 colorp
1108 3296 1144 3364 el

124 3409 245 3482 firmo
267 3416 335 3508 p'er
362 3432 400 3482 se
429 3411 617 3509 producto
637 3425 908 3483 concremento
930 3415 1008 3495 'seri
1024 3413 1158 3484 simile*

131 3530 256 3600 visum
288 3545 341 3600 est
362 3529 464 3627 quod
483 3542 615 3601 ventre
638 3529 930 3620 continebatur3
946 3529 1001 3602 ad
1018 3531 1143 3627 ignem

131 3662 259 3749 tamen
287 3671 366 3717 non
389 3649 597 3735 concrevit,
628 3647 692 3718 sed
720 3663 905 3746 perpetuo
934 3647 1144 3752 liquidum²

123 3765 264 3835 sensim
293 3765 470 3852 avolans,
497 3765 617 3836 levem
645 3763 826 3836 duntaxat
848 3767 888 3834 in
911 3762 1033 3835 fundo
1049 3766 1146 3839 vasis

124 3895 291 3953 crustam
329 3882 491 3980 reliquit.
507 3883 711 3979 Utriusque
731 3883 803 3954 seri
814 3881 940 3953 salinae
957 3880 1147 3980 particulae
