2580 4514
136 361 210 447 664
248 434 251 439 ,
307 381 354 435 na
380 376 525 425 sarnus
550 377 594 423 ar
618 377 742 424 causis
769 343 995 427 momorum

135 519 262 592 neque
286 495 325 563 in
347 507 456 563 utero
478 490 604 585 ejusve
627 490 913 588 appendicibus
943 490 1135 591 quidquam

137 613 318 711 gesserint
333 607 436 706 quod
452 606 540 678 huic
555 606 689 678 morbo
699 609 918 706 originem,
942 636 1027 708 quae
1046 633 1136 708 pecu·

135 729 237 800 liaris
269 725 470 797 mulierum
495 739 609 809 esset,
630 723 796 820 praebere
816 727 1017 824 potuerit3
1036 726 1136 797 mani-

138 843 272 917 festum
294 858 349 915 est
365 842 411 913 ad
427 841 519 912 duas
535 866 627 938 quas
646 844 897 940 protulimuS,
918 843 1136 920 causas'alias

138 961 282 1056 aliquas
310 958 396 1029 addi
416 972 591 1055 oportere
618 974 682 1028 aut
710 961 903 1055 sequioris
924 985 1041 1032 sexus
1064 984 1136 1058 pro·

138 1078 262 1174 prias,
286 1091 350 1149 aut
376 1076 416 1147 in
436 1100 521 1147 eum
541 1076 658 1173 magis
677 1101 791 1174 quam
819 1078 862 1147 in
888 1070 1070 1150 nostrum
1090 1101 1137 1150 ca·

139 1193 281 1265 dentes.

190 1308 247 1382 55.
266 1314 412 1382 Interea
426 1309 516 1380 dum
531 1323 572 1380 tu
586 1323 734 1381 caeteras
752 1335 901 1408 quaeres
916 1366 928 1399 ,
948 1307 1138 1383 nonnullas

138 1430 219 1526 ipse
234 1427 513 1516 annumerab0,
531 1426 722 1525 sanguinis
749 1416 934 1502 videlicet
955 1431 998 1501 in
1015 1430 1138 1501 ventris

139 1543 335 1629 inferiores
352 1560 475 1643 partes
494 1544 649 1642 singulis
672 1544 870 1622 mensibus
900 1545 1136 1633 confluxum,

140 1663 254 1732 vitam
276 1662 545 1750 sedentariam,
562 1661 609 1732 ad
629 1662 709 1758 ejus
729 1661 898 1735 reditum
917 1689 1137 1763 promoven-

141 1778 232 1848 dum
251 1781 376 1849 minus
395 1778 587 1864 idoneam,
606 1777 827 1850 debiliorem
848 1781 1059 1855 muliebris
1071 1807 1137 1855 cor·

139 1898 243 1993 poris
279 1895 455 1968 adversus
482 1898 647 1968 internas
678 1911 900 1970 externasve
934 1899 1138 1972 insalubres

141 2037 270 2084 causas
286 2014 474 2100 renisum,
493 2029 530 2084 et
550 2038 636 2084 cum
654 2012 728 2084 hoc
745 2028 875 2085 tamen
896 2018 1137 2112 conjunctum

140 2132 346 2229 pessimum
366 2155 532 2219 morem,
559 2147 596 2202 et
618 2155 814 2228 nunquam
839 2134 934 2205 satis
961 2134 1138 2234 improba·

141 2265 242 2337 tum,
259 2267 427 2321 ventrem
448 2247 685 2337 thoracibus,
704 2251 915 2346 praesertim
932 2251 1139 2325 durioribus

142 2392 185 2439 ac
201 2365 458 2463 rigidioribus,
482 2350 747 2463 adstringendi.
763 2369 944 2464 Namque
962 2386 1009 2442 ut
1025 2370 1071 2442 ad
1088 2395 1139 2442 cae·

141 2503 220 2556 tera
235 2482 281 2554 ab
300 2483 358 2553 his
372 2482 470 2552 illata
487 2482 728 2566 detrimenta,
741 2508 761 2554 a
777 2484 844 2555 cel.
858 2485 1138 2584 Winslowiolrl

142 2600 417 2685 animadversa,
432 2599 504 2670 hoc
521 2602 675 2698 insuper
692 2600 951 2698 adjungamus
966 2631 977 2695 3
999 2606 1088 2678 dum
1099 2608 1140 2675 in·

142 2716 256 2790 ferior
275 2717 425 2786 illorum
443 2740 528 2813 pars
544 2716 687 2788 assidue
711 2733 822 2815 atque
847 2723 1000 2795 arctius
1021 2725 1140 2823 premit

143 2833 329 2933 quithnid
345 2832 556 2905 abdominis
574 2834 671 2904 inter
691 2837 855 2933 pectoris
875 2837 979 2912 fines
998 2857 1037 2913 et
1056 2866 1139 2914 surn-

141 2978 202 3022 ma
227 2951 330 3022 ilium
359 2975 439 3022 ossa
467 2950 710 3046 interjicitur,
737 2954 909 3050 proclive
936 2975 997 3031 est
1020 2960 1140 3032 intelli·

142 3095 230 3167 gere
252 3068 342 3165 quid
370 3067 552 3138 obstaculi
566 3084 644 3139 tum
664 3069 825 3167 lymphae
842 3087 930 3144 turn
959 3077 1140 3176 sanguinis

90 3202 93 3208 '
142 3186 261 3256 motui
285 3186 389 3256 iniis
416 3210 567 3282 quoqne
593 3189 687 3258 vasis
717 3213 799 3283 quae
823 3189 930 3262 inter
959 3195 1138 3266 musculos

141 3316 230 3375 sunt
253 3315 288 3372 et
308 3303 576 3398 peritonaenm,
608 3303 826 3400 objiciatur,
839 3315 1068 3403 *praesertim
1086 3311 1138 3382 ubi

140 3418 370 3491 ventriculus
390 3434 425 3489 et
444 3420 637 3506 intestina,
655 3423 685 3490 si
703 3447 780 3491 non
796 3422 895 3496 cibis
916 3430 1138 3524 potionibus

38 3562 42 3572 ¹
143 3562 234 3634 que,
249 3551 285 3608 at
305 3551 403 3608 certe
418 3534 566 3608 flatibus
582 3535 761 3626 distenta,
779 3537 827 3609 ab
847 3540 1039 3618 interiore
1049 3561 1138 3646 parte

141 3755 1141 3787 ww

176 3902 218 3988 ι(ι)
240 3909 328 3965 Mem.
342 3908 378 3966 de
389 3907 501 3966 l'Acad.
514 3927 580 3988 roy.
594 3909 645 3966 des
661 3910 814 3987 Sciences,
833 3933 885 3976 an.
903 3930 995 3993 1741.
