2580 4514
105 336 111 349 ’
149 356 219 428 388
313 381 359 426 nn
384 377 529 424 sautans
554 379 598 422 ur
623 376 749 422 causis
774 377 988 424 nonnonun

146 516 278 562 moues
304 488 636 577 incumbentibus,
664 513 742 560 non
773 503 829 559 est
861 488 925 561 hic
957 490 1130 562 scribendi

146 608 252 710 locus
272 634 279 675 :
299 623 341 679 ut
359 632 482 704 neque
500 605 546 676 de
565 607 713 702 nuptis,
733 629 802 678 nec
830 607 981 704 prolem
1003 607 1130 678 edenti·

90 779 92 784 -
146 724 247 796 tibus
265 722 431 809 feminis,
447 749 582 821 magno
600 722 750 793 tandem
769 723 920 794 cuidem
936 724 1074 795 morbo
1088 749 1134 795 sa·

146 844 232 940 puis
249 841 444 927 obnoxiis,
466 865 589 937 neque
617 840 664 910 de
689 837 891 911 mulierum
917 826 1133 938 quibusdam

145 958 379 1030 abscessibus
408 957 455 1028 ad
486 957 695 1028 cicatricem
730 957 1017 1052 spectantibus,
1045 973 1081 1028 et
1100 956 1135 1029 ad

144 1076 243 1148 hanc
253 1091 396 1164 tamen,
412 1099 482 1145 nec
491 1097 593 1161 rare,
607 1069 760 1142 difficile
773 1073 1033 1170 perducendis
1042 1099 1136 1173 prop

143 1209 245 1266 terea
263 1192 368 1290 quod
391 1190 573 1263 redeunte
603 1214 648 1261 eo
677 1204 848 1287 tempore
876 1215 956 1288 quo
984 1191 1057 1263 illae
1083 1214 1137 1290 per

143 1328 293 1383 uterum
312 1309 465 1408 pnrgari
479 1308 619 1394 solent,
637 1306 830 1379 abscessus
843 1308 923 1402 jam
943 1333 1137 1406 propemo-

145 1429 235 1500 dum
252 1429 465 1527 percurati,
483 1425 686 1495 humorum
706 1427 912 1520 turgentia,
932 1440 972 1496 et
989 1425 1138 1497 motuin

145 1569 287 1642 corpus
306 1545 544 1630 universum,
563 1556 598 1611 et
617 1542 821 1638 praesertim
841 1542 881 1611 in
906 1556 1037 1638 partes
1052 1540 1137 1612 infir·

141 1663 282 1733 miores
300 1657 507 1730 nitentibus
525 1712 535 1746 ‚
559 1661 775 1756 importune
801 1657 1093 1749 recrudescunt,
1108 1659 1138 1730 id

142 1779 247 1878 quod
272 1780 312 1846 in
339 1755 448 1846 crure
469 1774 710 1846 nobilissimae
738 1776 936 1872 inprimis
968 1793 1137 1850 matrona

82 1936 85 1941 ·
140 1891 313 1993 pluribus
336 1893 573 1964 continenter
596 1891 789 1963 mensibus
810 1893 991 1966 accidisse
1016 1897 1136 1966 memi-

141 2010 278 2082 nimus.
306 2010 363 2082 Ad
387 2010 456 2080 alia
481 2010 594 2106 igitur
614 2009 727 2104 hujus
752 2010 826 2080 loci
850 2012 970 2109 magis
992 2015 1138 2112 propria

140 2127 425 2200 transeuntibus
454 2124 576 2198 febres
605 2142 812 2198 occurrunt
835 2127 1050 2220 diuturnae,
1069 2155 1138 2229 qna

140 2270 297 2343 magnos
308 2245 425 2316 lienes
437 2244 675 2340 relinquunt,
695 2259 732 2315 et
744 2247 1138 2347 crurum-ulcera,que

139 2387 298 2461 magnos
316 2361 434 2433 lienes
461 2377 760 2458 consequuntur.
786 2367 833 2435 Et
859 2387 945 2434 cum
977 2364 1038 2437 his
1062 2390 1138 2438 saue

140 2480 267 2550 ulcera
279 2478 341 2548 illa
355 2479 559 2574 conjuncta
573 2479 744 2575 quaedam
761 2458 872 2552 etiam
890 2504 935 2551 ex
949 2480 1154 2554 nostrised

138 2611 173 2668 te
192 2596 312 2667 missis
329 2596 460 2666 litteris
476 2594 531 2694 (ι)
545 2595 803 2669 ostenderunt.
820 2595 891 2669 Sed
904 2596 1138 2699 abantiquis¹

55 2778 60 2785 .
138 2716 240 2786 simis
259 2738 379 2811 usque
394 2711 632 2811 temporibus
653 2713 753 2786 idem
771 2711 884 2786 fuisse
902 2713 1138 2801 adnotatum,

135 2831 243 2902 locus
272 2831 384 2901 docet
407 2828 495 2899 libri
523 2833 558 2898 II
578 2829 903 2902 Prorrbeticorum
919 2830 1004 2930 (ἡκ
1030 2858 1135 2931 quem

137 2973 224 3019 cave
237 2947 355 3045 legas,
368 2961 410 3016 ut
422 2945 487 3017 hic
496 2945 550 3042 (3)
566 2947 604 3016 in
614 2946 863 3044 Sepulcbreto
873 2949 1136 3047 productusest

134 3065 175 3133 in
194 3063 337 3135 scholio
355 3063 401 3133 ad
420 3048 719 3134 observationem
730 3068 829 3149 XVI,
846 3066 983 3163 quibus
997 3065 1138 3166 splenes¹

136 3203 292 3275 magnos
322 3179 545 3251 habentibus
572 3187 722 3278 sanguis
738 3189 982 3282 prorumpit,
1012 3209 1078 3256 nec
1098 3207 1133 3254 os

136 3294 232 3381 olet,
248 3295 381 3398 horum
399 3298 498 3368 tibioe
508 3323 633 3394 prava
646 3298 771 3369 ulcera
784 3300 945 3390 habena
963 3303 1013 3393 in
1023 3310 1131 3400 g'raeco

136 3415 238 3484 enim
260 3412 495 3512 autographo
516 3417 697 3512 scriptum
716 3431 772 3487 est
788 3431 854 3508 μήτε
869 3433 1028 3516 arpenta...
1040 3458 1131 3507 „nnn

393 3594 866 3621 “·······-·-····-··“-···--·.
