2580 4514
132 427 202 475 tls.
231 425 287 474 111.
316 427 364 473 DE
391 426 526 475 uonms
552 424 723 492 vituitus,
748 426 859 476 EPIST.
886 426 1014 476 xxv111.
1044 431 1085 478 21

88 555 260 613 mentum
286 538 333 610 de
361 537 553 636 Hugolino
585 540 729 611 Comite
762 555 799 611 et
827 555 990 636 quatuor
1012 543 1093 638 ejus

85 655 187 745 filiis,
200 654 331 727 inedia
342 657 438 726 mori
452 657 590 728 coactis
597 655 724 753 ¹(quod
733 682 853 728 unum
865 673 1008 729 certum
1022 659 1092 756 est)

31 810 37 827 =
86 767 134 846 sic
158 789 201 845 ut
223 797 357 846 omnes
378 773 542 845 vixerint
560 774 705 869 aliquot
720 773 825 862 dies,
851 775 1012 847 triennis
1026 790 1092 847 au'·

88 906 163 962 tem
177 915 275 990 puer
284 903 438 989 quarto,
451 879 588 988 reliqui
598 891 792 988 aliquanto
800 892 871 988 maj
877 916 961 964 ores
970 893 1092 990 pueri,

84 1025 146 1080 aut
174 1006 448 1079 adolescentuli
475 1008 610 1105 quinto
647 1023 711 1079 aut
741 1022 844 1078 sexto
867 1007 958 1098 die,
985 1023 1093 1108 pater

87 1125 271 1222 denique,
283 1140 327 1196 ut
347 1125 535 1196 constanti
549 1138 628 1196 erat
646 1139 766 1214 aetate,
779 1139 853 1202 aut¹
865 1124 980 1198 cruda
993 1140 1094 1199 certe
1195 1204 1197 1207 ,

85 1241 270 1339 viridique
289 1238 505 1329 senectute,
528 1254 661 1313 octavo
678 1239 899 1314 decesserit:
918 1267 1001 1340 quae
1013 1268 1094 1314 om·

87 1360 181 1431 niaa
199 1373 315 1458 poeta
330 1413 341 1447 ,
356 1373 399 1430 ut
418 1373 499 1430 erat
516 1382 559 1430 ea
578 1373 799 1456 tempestate
830 1357 1094 1449 doctissimus,

88 1473 195 1548 facile
213 1473 423 1548 secundum
442 1475 682 1574 Hippocratis
698 1475 975 1575 aphorismum,
993 1491 1093 1548 certe

91 1593 296 1693 secundum
326 1595 408 1665 veri
438 1593 723 1665 similitudinem
752 1618 830 1666 esse
862 1595 1092 1692 excogitata,

88 1727 194 1808 poeta
211 1712 315 1808 ipse,
336 1710 440 1808 quod
457 1711 548 1782 clari
565 1711 620 1782 illi
637 1711 708 1781 viri
729 1736 809 1782 non
831 1711 1093 1802 attenderunt,

88 1831 169 1901 satis
194 1853 240 1900 eo
258 1828 345 1899 loco
362 1827 523 1917 indicat,
546 1828 811 1927 ubiHugolini
829 1830 993 1900 animam
1013 1818 1093 1901 hae'c

89 1946 157 2018 sibi
172 1960 392 2017 narrantem
413 1944 582 2035 inducit,
601 1971 684 2044 quae
704 1945 855 2020 aliunde
871 1946 1092 2033 ,ut'disertc

87 2065 150 2153 ait,
167 2088 245 2134 non
258 2077 387 2160 posset
402 2061 647 2152 intellexisse,
665 2064 807 2162 quippe
829 2089 912 2160 quae
930 2065 968 2134 in
986 2057 1091 2137 tene·

86 2179 242 2253 bricosis
273 2179 491 2252 acciderant
524 2183 638 2252 turris
671 2179 949 2278 penetralibus,
984 2181 1092 2277 cujus

88 2297 206 2370 claves
237 2298 361 2369 statim
382 2313 470 2394 post
494 2297 580 2369 illos
606 2298 801 2386 inclusos,
827 2296 1030 2370 adversarii
1051 2300 1092 2370 in

89 2412 230 2488 flumen
249 2412 475 2511 abjecerant.
496 2414 609 2504 Quod
624 2417 654 2487 si
672 2416 785 2514 igitur
802 2413 1092 2515 ad'multiplices

87 2526 358 2631 Hippocraticae
375 2535 569 2604 sententiae
584 2546 728 2630 partes,
754 2549 794 2605 ut
813 2558 834 2605 a
850 2534 959 2607 Celso
976 2557 1093 2632 expo-

88 2651 159 2720 sitae
187 2664 299 2736 sunt,
327 2649 630 2748 comprobandas
654 2648 751 2721 sorte
774 2650 900 2749 plures
917 2649 1105 2756 historias!

88 2768 246 2864 queris,
271 2767 477 2839 nonnullas
499 2791 583 2864 quae
607 2766 787 2839 scribenti
812 2781 1020 2866 suppetunt
1047 2792 1092 2839 ex

86 2885 265 2956 Romanis
297 2880 618 2958 commemorabo.
652 2887 804 2983 AEgrum
838 2887 1093 2984 Pomponium

87 3006 251 3074 Atticum
281 3027 394 3100 supra
418 3001 491 3100 (ι)
520 3001 682 3074 diximus
708 3002 769 3074 die
797 3003 932 3100 quinto
961 3003 1094 3074 inediae

88 3135 291 3191 mortuum.
319 3116 467 3192 Sextius
487 3130 615 3192 a'utem
641 3118 823 3209 Baculus,
846 3135 888 3191 ut
914 3135 968 3192 est
991 3118 1093 3219 apud

88 3241 269 3310 Caesarem
285 3235 362 3334 (a),
382 3262 471 3309 cum
492 3239 543 3310 ita
558 3251 772 3335 egrotaret,
788 3253 830 3309 ut
851 3235 1039 3335 diemjarn
1060 3241 1099 3309 V

88 3355 168 3426 cibo
179 3360 380 3443 comesset,
394 3354 489 3428 adeo
503 3380 524 3426 a
542 3369 664 3427 morte
676 3356 812 3454 procul
826 3371 904 3429 erat
912 3410 922 3446 ,
936 3372 979 3428 ut
991 3380 1095 3428 arma

88 3487 238 3569 caperet
265 3470 470 3570 hostesque
488 3487 647 3562 arceret3
677 3474 818 3572 quippe
843 3488 947 3546 aetate
965 3499 1032 3563 ea,
1052 3489 1095 3545 ut

88 3612 165 3659 non
186 3593 238 3663 ita
258 3588 407 3687 pridem
427 3615 589 3686 munere
608 3588 760 3664 functus
774 3608 869 3664 esset
885 3591 1092 3691 primipili;

124 3870 170 3953 (r)
190 3875 230 3932 N.
245 3881 275 3942 l..

124 3973 168 4054 (a)
189 3977 236 4033 De
248 3974 330 4034 bello
343 3976 411 4052 gall.
428 3975 449 4031 l.
465 3974 501 4047 6,
517 3995 543 4032 o.
559 3976 605 4033 38.
