2580 4514
105 376 174 422 mn.
195 375 250 421 111.
273 375 319 420 nn
340 370 476 419 nonnis
491 371 664 434 vaurms,
684 350 796 417 nrisr.
816 371 971 417 xxxvur.
999 345 1072 444 639

51 511 137 586 quo
154 486 264 560 simul
283 501 464 559 steatoma
481 485 599 557 virilis
614 485 797 580 jecinoris
814 485 1070 557 concludeba-

54 621 131 692 tur.
146 609 243 677 Cum
255 605 349 677 mihi
359 605 522 677 necdum
537 604 755 701 contigerit,
771 617 813 674 ut
830 604 870 672 in
885 603 1072 701 ejusmodi

54 723 256 797 inciderim
280 722 502 820 hydatirles‚
522 722 683 792 aliorum
705 720 775 791 tibi
794 719 1073 807 observationes

54 867 153 942 quas
172 839 279 912 facile
299 838 474 912 conferre
493 863 638 936 posses,
663 836 832 908 indicare
848 835 912 908 hic
930 840 1045 910 malui
1061 892 1083 945 ’,Ι
1109 890 1112 899 -

55 985 174 1060 quam
194 980 327 1031 eorum
346 985 430 1055 quae
442 958 671 1056 perscrutari
680 957 759 1054 ipse
775 981 854 1028 non
870 957 997 1054 potui,
1013 932 1093 1059 ε1ιῖ

56 1079 302 1178 plicationem
321 1074 465 1149 afferre.
494 1076 664 1146 'lentavit
690 1074 728 1145 id
754 1081 1009 1147 Hartmaunus
1034 1060 1090 1153 iti*
1137 1070 1141 1079 ’

57 1198 158 1285 suis,
178 1219 224 1267 eo
244 1194 435 1292 adscripto
459 1193 603 1266 scholio
620 1192 679 1290 (1)
704 1193 808 1290 quod
835 1209 876 1266 ut
896 1194 964 1264 tibi
992 1194 1073 1292 pla-

57 1329 158 1402 ceat,
177 1313 386 1413 plurimum
413 1337 558 1384 vereor.
579 1315 731 1403 Quaeres
751 1313 898 1410 potius,
925 1337 973 1384 an
1000 1315 1075 1385 sint

57 1458 143 1532 quae
160 1433 277 1530 magis
294 1431 434 1531 probes
455 1431 557 1530 apud
573 1433 674 1504 viros
697 1430 789 1503 alios
811 1431 1074 1516 doctissimos,

56 1553 266 1652 praesertim
287 1575 376 1621 vero
392 1549 494 1648 apud
516 1549 600 1621 illos
619 1551 686 1647 qui
708 1549 755 1621 de
772 1551 991 1647 inorganica
1016 1565 1075 1647 tu·
1100 1546 1102 1556 ’

59 1694 214 1745 morum
229 1670 456 1767 cysticorum
475 1665 737 1740 efformatione
750 1664 998 1766 scripserunt,
1012 1682 1076 1742 aut

59 1787 130 1887 qui
141 1785 501 1860 natantesvesiculas
511 1786 550 1857 in
565 1800 759 1857 tumorum
774 1787 994 1859 eorumdem
1007 1787 1078 1863 hu·

61 1930 171 1978 more
182 1931 279 2004 saepe
294 1906 352 1978 his
364 1904 880 2003 temporibusmemorarunt.
896 1912 976 2005 Ego
987 1924 1076 1980 vero
1119 1970 1130 1983 ,.
1151 1998 1153 2009 ὗ

65 2025 137 2096 etsi
155 2025 194 2093 in
214 2003 443 2122 quibusdam
460 2022 703 2121 hydatidibus
724 2050 766 2096 ea
783 2028 973 2122 transpexi
995 2051 1078 2122 quae
1117 2078 1120 2083 -

66 2160 184 2241 supra
203 2141 261 2240 (2)
279 2143 461 2228 indicavi,
481 2144 561 2211 imo
581 2143 620 2211 in
641 2139 800 2249 semiruta,
829 2141 897 2212 tibi
916 2143 1005 2214 alias
1023 2143 1077 2240 (3)

63 2258 276 2356 descripta,
296 2275 450 2330 tenuem
476 2258 647 2328 intimam
667 2256 890 2355 hydatidum
911 2262 1079 2333 tunicam

62 2377 289 2450 instructam
306 2375 383 2446 vidi
397 2374 648 2448 albicantibus
664 2376 842 2464 vasculis,
863 2378 903 2447 in
930 2403 995 2451 sue
1015 2404 1080 2451 au·

65 2506 146 2566 teni
161 2495 201 2565 in
222 2493 403 2592 quasdam
417 2495 523 2590 quasi
539 2492 692 2565 cellulas
708 2491 980 2567 conformatam
994 2525 1003 2587 ;
1023 2524 1082 2573 ve⁴

67 2612 205 2692 siculas
222 2606 368 2700 tamin,
386 2637 469 2709 quae
487 2615 707 2685 anatomicis
726 2630 957 2700 occurrunt,
976 2628 1081 2714 aqua

69 2731 202 2829 plenas
219 2731 322 2802 haud
338 2756 470 2803 omnes
486 2731 601 2803 unius
617 2734 766 2830 generis
789 2756 869 2805 esse
889 2735 1084 2838 existimo,
1128 2768 1132 2776 1

30 2868 45 2891 ⁴'
69 2848 235 2946 ideoque
251 2850 408 2922 aliarum
426 2851 612 2948 originem
632 2875 712 2923 esse
735 2851 806 2922 ulia
825 2853 991 2939 ratione,
1018 2853 1083 2924 ali·

69 2991 234 3064 quarum
259 2993 349 3048 vero
371 2994 450 3039 non
475 2993 573 3057 uua,
598 2968 662 3040 sed
695 2968 868 3067 pluribus
900 2971 938 3040 iu
963 2995 1082 3045 uuum

67 3065 209 3182 junctis
229 3087 439 3158 rationibus
463 3085 618 3160 fortasse
639 3087 910 3186 explicandam.
937 3091 1085 3187 Specia·

72 3204 140 3277 tim
157 3219 282 3275 autem
304 3205 351 3276 de
369 3207 413 3276 iis
435 3207 625 3295 vesiculis‚
655 3231 738 3303 quae
761 3205 889 3303 plures
913 3206 984 3278 sub
1009 3234 1084 3280 una

73 3322 202 3394 tunica
221 3338 285 3394 aut
304 3324 403 3396 inter
432 3348 470 3396 se
492 3323 692 3422 colligatae,
715 3337 778 3394 aut
808 3322 958 3414 solutu,
985 3340 1022 3397 et
1045 3328 1085 3397 in

74 3432 257 3511 htimores
276 3441 356 3538 ejus
373 3467 487 3538 quem
506 3447 726 3531 continent,
750 3442 861 3513 simili
891 3457 1085 3532 natantes,

36 3748 39 3755 '
118 3733 160 3817 (1)
182 3740 230 3794 Ad
245 3741 295 3795 cit.
311 3740 376 3796 obs.
394 3740 442 3798 83.
491 3768 494 3773 ·
550 3750 555 3763 ³

120 3837 165 3914 (Ἄ)
186 3841 224 3895 N·
249 3841 296 3910 37·
526 3905 530 3914 ,

121 3935 163 4016 (3)
185 3939 278 4014 Epist.
291 3957 345 4009 αι,
372 3959 403 3995 n.
419 3945 466 4011 47.
