2580 4514
140 402 210 487 διά
302 425 346 468 nu
373 425 519 470 sromus
546 426 588 470 rr
615 424 739 471 causis
766 425 978 511 mortuorum

135 539 207 607 lius
225 538 288 631 (ι).
307 542 473 626 erarum
493 538 696 608 identidem
714 541 993 610 recurrentium
1015 563 1062 608 an
1083 565 1125 610 re·
1176 584 1179 603 .

139 656 289 727 siduum
310 655 483 726 ellectum
507 657 687 727 servarint
704 655 833 727 eadem
852 658 1050 746 intestina,
1065 681 1125 755 par·

64 850 68 857 ,
137 790 193 846 tes
223 774 657 873 insequaleslrabentia,
681 791 718 845 et
748 799 816 871 per
837 776 1035 846 intervalla
1058 777 1125 846 ina·

138 891 262 988 qualia
281 909 413 989 prater
432 909 612 962 naturam.
624 908 798 990 angustas
810 894 848 962 in
863 895 1124 964 anatomicolo.

139 1009 341 1080 Wilhelmo
363 1010 591 1097 Albrrclito‚
612 1011 686 1080 ileo
704 1010 904 1098 humatiti,
933 1010 1028 1081 dum
1047 1011 1126 1080 vive·

137 1142 213 1213 ret,
229 1151 394 1225 persepe
410 1128 576 1198 obnoxio
589 1128 643 1224 (a)
660 1130 743 1225 ipse
763 1128 1005 1200 existimabis.

189 1247 245 1317 36.
273 1246 344 1316 Sed
362 1248 460 1316 inter
485 1271 613 1318 causas
633 1272 717 1343 quae
736 1246 991 1335 stimulando,
1007 1246 1127 1316 iliacam

137 1365 351 1462 passionem
384 1366 573 1435 interilum
613 1362 801 1454 afferunt,
836 1389 989 1437 vermes
1021 1386 1127 1436 recen·

107 1486 110 1491 ’
139 1481 246 1553 sendi
266 1498 363 1552 sunt.
389 1483 603 1579 Aliquando
631 1485 755 1572 enim,
776 1499 817 1554 ut
845 1506 964 1580 supra
988 1478 1127 1579 (3tintl'r

140 1615 263 1670 catum
282 1615 356 1685 est,
383 1599 651 1672 convulsiones
672 1600 882 1687 movendo,
902 1601 1129 1695 intussuscep

138 1718 263 1788 tiones
295 1731 331 1787 et
349 1698 541 1788 volvulum
559 1716 726 1799 faciunt:
746 1743 859 1816 quem
880 1732 918 1790 et
931 1720 1016 1790 sine
1028 1718 1082 1788 his
1091 1738 1129 1787 ex·

141 1838 254 1907 citare
267 1858 377 1931 posse
392 1860 470 1904 non
490 1852 545 1907 est
560 1836 822 1908 dubitandum.
840 1836 942 1909 Alias
963 1836 1128 1908 intestino

141 1977 227 2023 rum
252 1952 404 2023 dolores
432 1968 578 2024 tantum
608 1969 745 2025 creant.
778 1953 982 2025 Interdum
1014 1976 1060 2024 ne
1084 1950 1132 2021 hu

142 2070 306 2168 quidem.
322 2075 404 2140 Imo
418 2081 692 2168 nonn‘unquam
712 2069 865 2159 accidit,
881 2085 926 2141 ut
940 2070 1092 2169 plurimi
1105 2069 1133 2137 in

141 2188 186 2258 iis
206 2190 280 2258 siut
298 2189 337 2257 in
355 2188 516 2284 quibus,
537 2189 628 2259 dum
646 2191 834 2275 viverent,
857 2189 919 2257 vix
934 2186 1063 2259 ullum
1077 2208 1137 2255 rer

144 2305 261 2373 mium
287 2304 469 2375 indicium
496 2303 610 2376 fuerit
628 2332 635 2374 :
655 2304 760 2402 quod
786 2304 964 2401 relegens
989 2318 1139 2375 nostran

143 2423 310 2493 mulieris
331 2426 528 2494 rusticanae
558 2423 774 2509 historiam,
800 2422 961 2519 epistola
990 2421 1140 2516 descrit>

140 2555 216 2611 tam
235 2545 319 2610 XVI
335 2540 410 2639 (li),
431 2557 495 2613 aut
515 2566 596 2638 quae
612 2541 703 2611 olim
722 2540 877 2610 decane
900 2539 971 2610 illo
987 2539 1142 2612 venatico

142 2660 359 2756 scripsimus
377 2659 452 2754 (5),
469 2661 508 2729 in
526 2684 604 2756 quo
624 2674 731 2731 erant
744 2659 859 2730 taeniae
876 2657 927 2728 ad
939 2643 1143 2758 sexaginta,

83 2822 86 2827 ·
144 2779 231 2848 satis
251 2776 516 2848 confirmatum
531 2777 686 2848 videbis.
709 2782 753 2847 Et
762 2791 900 2855 ,contra
918 2777 1029 2873 sig-na
1040 2776 1142 2847 inter·

125 2893 234 2965 ·dum
253 2912 341 2966 sunt
366 2895 661 2981 lumbricorum3
681 2917 808 2992 neque
828 2892 897 2962 ulli
914 2895 1144 2965 invenimur

142 3028 289 3098 tamen,
313 3027 356 3082 ut
380 2998 529 3110 puellus
559 3013 669 3084 docet
695 3036 810 3109 quem
830 3009 900 3081 tibi
918 3036 966 3083 ex
991 3008 1144 3083 Valsalva

143 3127 324 3225 descripsi
339 3130 497 3228 epistola
510 3135 631 3200 XXXI
638 3129 713 3226 (6);
727 3145 763 3201 et
775 3154 823 3200 ne
836 3130 876 3198 in
890 3153 933 3200 re
953 3129 1064 3201 obvia
1073 3127 1144 3197 lon·
