2580 4514
257 375 300 483 :4
548 434 565 471 ο

270 509 428 605 fiigere3
449 505 593 577 cadunt
609 510 707 576 enim
723 512 761 577 i’ri
774 523 907 605 partes
925 512 1162 603 manifestas,
1181 535 1286 588 simt-

272 618 351 727 que'
363 650 419 698 eae
437 629 529 725 ipsoe
548 649 642 723 quas
664 629 701 694 iri
725 624 784 696 liis
799 622 1128 726 deprehendimus,
1144 660 1284 730 prava

271 749 514 829 mutationes,
535 741 725 813 evidentes
741 747 897 815 internoe
911 767 1051 833 causae,
1068 747 1283 845 plerorum-

269 886 342 962 que
353 862 579 933 morborum.
597 864 735 956 Itaque
746 884 822 931 non
835 863 972 957 injuria
985 862 1162 937 adversus
1176 867 1282 939 illurn

267 978 473 1066 medicum,
504 981 655 1076 ejusque
685 975 961 1066 consiliarium,
993 994 1029 1050 et
1059 989 1283 1082 quicumque

267 1121 353 1171 curn
363 1103 408 1169 iis
419 1095 698 1194 diligentiorum
713 1101 1030 1169 Anatomicorum
1046 1098 1195 1172 labores
1207 1128 1282 1175 crea

265 1214 364 1289 dunt
392 1214 540 1287 inutiles
567 1212 624 1285 ad
647 1213 897 1302 medendum,
934 1214 1032 1287 idem
1049 1220 1178 1309 ferme
1205 1221 1282 1294 dici

258 1359 402 1436 passe,
428 1332 494 1407 vel
517 1337 592 1431 ipsi
622 1330 681 1400 illi
707 1332 960 1405 admiratores
994 1335 1278 1430 concluserunt,

264 1452 373 1554 quod
390 1455 617 1548 generatim,
646 1463 689 1518 ut
712 1459 1000 1523 commemoraui
1019 1459 1132 1525 etiam
1156 1455 1278 1547 alias,

263 1587 398 1645 contra
426 1566 614 1668 ejusmodi
635 1591 760 1637 rerum
785 1563 1067 1642 utilissimarum
1092 1589 1278 1673 contemp-

230 1722 235 1729 ·
262 1705 361 1762 tores
372 1692 477 1787 juste
501 1684 760 1758 Fontenellius
780 1699 903 1757 vester
930 1685 1084 1759 dixerat
1109 1697 1276 1763 interea

260 1834 348 1909 quie
364 1806 420 1879 ad
431 1811 556 1903 Regiae
571 1808 820 1876 Scienti'arum
834 1803 1056 1878 Academia
1067 1811 1275 1883 Historiam

260 1952 363 2001 anno
384 1925 494 2024 1699,
506 1925 698 2022 proefatus
715 1937 787 2012 est,
804 1937 843 1992 et
857 1938 946 1994 ante
960 1947 1087 1997 omnes
1106 1936 1275 2027 antiquie

260 2045 361 2118 illius
387 2042 557 2145 epistola
588 2056 744 2129 auctor,
774 2065 861 2139 quie
886 2065 969 2114 curn
993 2047 1274 2144 Hippocralicis

261 2161 366 2237 lib'ri's
382 2163 641 2253 circumfertur
648 2189 659 2247 ,
677 2157 732 2228 ad
745 2163 969 2254 Dionysium
983 2167 1145 2261 scripta,
1156 2189 1273 2237 unus·

258 2283 432 2382 quisque·
442 2306 488 2353 ex
506 2278 566 2351 his
593 2303 676 2376 quae
703 2281 783 2376 ipse
804 2304 883 2350 non
910 2277 1045 2370 habet,
1066 2281 1210 2378 judicat
1232 2282 1272 2355 id

257 2399 365 2501 quod
381 2400 423 2470 in
442 2398 515 2470 alio
529 2395 712 2485 abundat,
727 2394 963 2494 superfluum
981 2423 1070 2471 esse.
1090 2403 1183 2494 Quin
1198 2427 1273 2473 oni·

258 2524 346 2608 iiia,
366 2533 409 2590 ut
429 2523 469 2588 iri
493 2516 612 2588 Italia
632 2539 711 2585 riori
724 2512 899 2612 plurimis
920 2530 1010 2588 ante
1028 2524 1138 2590 annis
1157 2535 1269 2607 acta,

218 2701 222 2707 .
256 2653 462 2736 nostroque
471 2657 642 2708 sermone
656 2631 772 2721 edita,
785 2633 845 2703 liic
859 2635 1142 2708 tibimemorare
1150 2638 1271 2728 volui,

258 2762 316 2829 vir.
326 2754 550 2841 doctissime,
569 2768 613 2825 ut
621 2756 800 2824 continuo
814 2750 1036 2850 intelligeres
1044 2762 1079 2825 si‘
1087 2761 1170 2850 quis
1180 2756 1274 2826 milii

244 2875 356 2969 sorte
382 2899 432 2945 ex
457 2877 586 2970 magni
611 2870 711 2942 illius
739 2867 877 2940 medici
901 2876 1085 2941 sententia
1112 2877 1270 2966 exiguus

253 2991 452 3092 scrupulus
476 2991 741 3090 superfuisset,
775 2986 877 3059 liunc
902 2971 1058 3085 penitus
1094 2988 1269 3061 eausam

242 3113 368 3204 fiiisse
387 3133 476 3208 quae
493 3115 565 3179 tuis
582 3112 621 3177 iii
640 3105 791 3206 scriptis
806 3102 1063 3177 animadverti
1072 3161 1083 3193 ,
1107 3130 1190 3178 cum
1209 3134 1267 3180 se-

254 3252 365 3302 curus
394 3225 714 3299 abditissimarum
745 3221 897 3293 illarum
925 3246 1142 3312 causarum,
1172 3252 1268 3324 quas

251 3344 358 3418 nullo
376 3357 494 3440 pacto
523 3347 673 3440 assequi
697 3341 867 3411 iiomines
887 3321 1071 3439 possunt,
1101 3348 1266 3415 internas

252 3470 342 3536 istas
373 3460 590 3546 evidentes,
615 3483 708 3556 quas
737 3463 776 3528 iri
805 3450 987 3532 morbidis
1015 3459 1264 3536 cadaveribus

151 3629 154 3641 -
242 3586 459 3684 perspicere
485 3579 592 3666 licet,
620 3575 801 3665 attendis,
824 3592 863 3649 et
880 3600 967 3676 quie
987 3585 1264 3651 consecutiones

249 3728 300 3776 eu
330 3706 418 3799 ipsis
437 3703 616 3799 proxime
627 3699 763 3792 fluant
788 3700 971 3768 acerrimo
982 3697 1132 3793 judicio
1156 3721 1263 3769 cons-

249 3824 361 3893 tituis.
468 3827 470 3832 ’
950 3885 958 3892 .

298 3942 335 4012 E
336 3964 365 4009 sc
381 3935 511 4008 iisdem
531 3957 682 4033 quoque
699 3937 844 4030 scriptis
863 3932 977 4007 sinuil
993 3936 1159 4030 cognovi
1171 3935 1265 4031 quid
