2580 4514
121 310 206 387 '568
299 335 345 382 nn
372 331 516 381 seorsus
542 333 585 380 rr
609 330 734 380 causis
761 329 996 384 nonnosum·

135 449 311 545 lenteque
333 471 378 517 ex
396 447 569 516 instituto
584 460 727 517 naturae
745 445 904 545 sanguis
920 446 1119 538 traducitur,
1164 476 1167 481 ·

138 583 179 637 ut
198 569 301 661 siqua
318 589 414 635 nova
435 563 585 634 accedat
601 589 797 636 remorans
824 591 960 653 causa,
978 567 1123 638 nonnisi
1172 616 1174 629 ·

47 752 65 777 ‚
135 683 346 754 tardissime
360 681 502 751 moveri
519 696 641 778 queat.
660 687 790 778 ltaque
810 683 861 754 ad
883 683 1062 754 Valsalvae
1074 682 1143 754 ob-·

138 800 385 886 servationes,
413 812 450 869 et
480 797 526 869 ad
558 823 618 868 eas
642 800 784 896 quaein
808 799 1128 896 Sepulchretoer·

138 931 260 1001 stant,
283 915 416 1012 passim
442 929 648 987 occurrunt
667 939 761 1011 quas
782 915 996 1014 adjungas,
1014 931 1131 989 utcum

133 1034 241 1104 -haud
263 1057 398 1130 paucas
417 1030 483 1102 ubi
510 1056 651 1129 quaeras
669 1032 910 1120 indicavero,
935 1035 1066 1107 nullus
1082 1033 1134 1104 du⁴

140 1151 283 1236 bitem,
313 1150 451 1269 plures
479 1150 568 1221 alibi
602 1176 806 1248 superesse.
839 1153 967 1240 Vide,
995 1151 1134 1250 exempl

137 1292 267 1352 causa,
297 1269 442 1363 quaein
473 1269 632 1340 asciticis
663 1266 810 1339 duabus
836 1269 1060 1367 virginibus
1083 1291 1134 1368 per

138 1385 400 1456 dissectionem
431 1387 667 1483 conspexerit
689 1386 820 1481 junior
845 1385 1136 1485 Verneyus(1),

139 1504 305 1598 itemque
319 1504 357 1572 in
369 1503 543 1599 plurimis
555 1503 687 1574 eodem
702 1503 838 1608 morbo
850 1501 1007 1576 affectis
1017 1520 1136 1576 natura

31 1644 37 1665 ·
142 1622 281 1692 curiosi
297 1621 375 1716 (ῆι
397 1646 465 1690 nec
486 1623 615 1692 omitte
643 1646 724 1717 quae
753 1621 792 1689 in
819 1623 905 1692 viro
939 1622 1076 1695 illustri
1101 1621 1134 1691 cl

140 1739 404 1809 Bechmannus
429 1738 492 1834 (3).
522 1743 572 1808 Ex
601 1737 662 1817 his
689 1737 869 1810 omnibns
907 1742 1137 1812 asciticorum

141 1855 429 1927 dissectiouibus
454 1881 500 1926 ne
518 1881 631 1927 unam
661 1856 812 1952 quidem
842 1857 1044 1956 perleges,
1062 1858 1137 1956 quio

138 1973 246 2068 jecur
263 1972 357 2043 male
384 1973 616 2045 sehabnisse
645 1997 860 2072 cognoscas.
887 1977 1013 2047 Simul
1032 1991 1137 2047 autem

141 2091 180 2158 in
201 2114 328 2160 earum
350 2091 494 2186 aliquot
513 2089 649 2162 diserte
669 2091 1139 2163 adnotatum'animadver-

142 2222 213 2294 tes,
229 2223 269 2278 ut
290 2208 385 2278 male
407 2233 445 2278 se
470 2234 623 2305 quoque
648 2208 723 2278 lien
749 2208 941 2280 habuerit.
975 2214 1055 2283 Nec
1077 2209 1139 2280 alia

143 2324 279 2395 desunt
296 2351 339 2395 ex
358 2325 497 2422 quibus
510 2325 715 2423 intelligas,
728 2351 813 2397 cum
832 2329 873 2397 in
898 2328 1040 2399 eodem
1057 2349 1140 2397 mor·

144 2439 196 2511 bo
213 2442 334 2539 hepar
348 2468 424 2512 non
442 2442 646 2512 admodum
665 2469 691 2512 a
713 2445 888 2514 natarali
904 2461 1012 2517 statu
1032 2445 1141 2516 duces·

143 2565 266 2646 sisset,
289 2559 419 2629 lienem
436 2584 611 2655 maguam
626 2557 736 2631 luisse
754 2577 791 2630 et
803 2554 1083 2652 duriusculum,
1091 2575 1142 2633 aut

142 2702 228 2747 eum
246 2676 363 2772 hepar
378 2700 532 2773 prorsas
543 2677 769 2747 naturaliter
782 2694 881 2749 esset
893 2687 1141 2765 constitutum,

120 2793 280 2864 lienem
303 2793 413 2864 solito
442 2797 622 2891 majorem
645 2810 682 2864 et
706 2811 823 2866 totam
847 2814 1041 2892 quantum
1066 2800 1141 2870 slir-

141 2911 293 2980 rhosam
314 2928 463 3008 tamque
479 2913 612 2982 darum
630 2910 766 3000 fuisse,
787 2928 828 2983 ut
849 2939 932 2985 non
953 2922 1038 2988 sine
1056 2915 1139 3012 deffi-

142 3028 279 3098 calcate
294 3029 413 3100 scindi
438 3045 475 3100 et
495 3027 614 3101 attenti
632 3030 816 3100 novacula
837 3039 1027 3129 potuerit.
1051 3039 1139 3124 Quo·

181 3381 226 3459 (1)
246 3385 335 3439 Mem.
348 3386 385 3440 de
399 3386 511 3441 l'Aead.
524 3388 596 3462 Roy.
608 3387 659 3443 des
672 3386 823 3455 Sciences,
842 3407 892 3443 an.
911 3410 987 3462 ¹7⁰¹
1002 3405 1034 3448 et
1048 3391 1125 3462 1703.

180 3481 224 3560 (a)
246 3485 315 3537 Dec.
331 3484 413 3550 3‚A.
431 3483 532 3554 fias,
549 3486 613 3541 obs.
632 3487 705 3556 2763
724 3498 752 3540 et
767 3489 803 3540 l.
818 3507 834 3557 7
851 3489 930 3559 etit,
953 3493 1021 3548 obs.
1038 3491 1141 3562 153,a

142 3583 209 3656 A.9
222 3594 250 3638 et
268 3603 320 3654 ιο,
335 3583 399 3638 obs.
417 3583 482 3658 239,
499 3590 565 3654 alr,
581 3584 651 3655 248,
667 3596 696 3641 et
708 3597 784 3640 cent.
805 3606 830 3655 1,
847 3589 916 3644 obs.
929 3591 947 3646 3
960 3592 992 3647 in
1006 3590 1138 3659 corelli,

142 3693 172 3738 et
182 3693 258 3737 cent.
274 3683 309 3749 3,
325 3682 390 3737 obs.
407 3701 458 3751 ra,
470 3695 499 3738 et
512 3695 586 3739 cent.
600 3685 618 3740 8
627 3725 636 3754 ,
651 3685 716 3740 obs.
731 3703 779 3756 27,
793 3697 823 3740 et
836 3699 966 3766 cent.9,
977 3693 1043 3749 obs.
1058 3691 1140 3762 64,et

144 3793 220 3837 cent.
239 3801 288 3850 ιο,
302 3782 366 3836 obs.
383 3781 438 3848 86,
453 3795 480 3838 et
491 3794 549 3839 act.
565 3783 684 3854 tom.'6,
699 3784 763 3840 obs.
781 3783 828 3842 15.

177 3879 222 3957 (3,
244 3883 409 3939 Commerc.
422 3881 512 3940 litter.
525 3886 561 3941 A.
576 3888 668 3956 1742,
682 3881 773 3941 hebd.
790 3885 851 3960 32,
864 3909 898 3947 n.
913 3909 940 3947 1.
