2580 4514
233 375 282 463 34
399 399 447 446 nn
473 394 620 445 sarram
644 395 688 440 rr
714 394 838 441 causis
862 394 1071 442 noanornu

232 528 288 586 est
305 566 330 598 ‚⁴
345 512 437 609 quin
468 508 598 581 eadem
627 531 766 594 causa,
796 522 839 583 ut
864 509 1099 605 angustiam,
1129 513 1180 583 ita
1204 528 1237 582 et

232 630 411 704 coalitum
422 627 539 725 possit
549 624 745 709 inducere,
758 649 835 720 quo
849 626 1003 697 nomine
1020 652 1108 697 cum
1125 628 1237 700 docto

229 751 313 820 viro
340 745 561 818 Mancharto
590 742 746 840 (1)hic
771 743 942 841 intelligo
970 769 1052 815 eam
1072 763 1238 820 coarcta-

231 868 394 952 tionem,
418 888 500 960 quae
517 863 614 932 viam
638 876 703 931 aut
720 859 888 948 nullam,
908 876 972 932 aut
998 863 1058 933 vix
1073 864 1239 961 aliquam

229 983 430 1079 relinquat.
450 985 494 1051 Et
513 1004 601 1050 sane
625 978 802 1062 coalitus,
827 1002 942 1075 quem
959 978 1052 1049 vidit
1072 983 1152 1079 ipse
1168 982 1181 1078 (
1195 982 1239 1077 a)

232 1100 438 1185 callosum,
464 1113 501 1169 et
522 1090 586 1167 iiix
609 1096 870 1169 admittentem
895 1096 1033 1193 stylum
1062 1113 1240 1188 tenuem,

231 1215 399 1291 nonfuit
418 1218 498 1288 sine
517 1213 646 1284 ichore
664 1213 880 1310 purulento.
909 1219 1180 1288 Verumtamen
1206 1233 1242 1289 et

231 1336 279 1409 ab
299 1335 379 1407 aliis
396 1335 517 1404 causis
542 1331 735 1402 interdum
764 1332 924 1404 coalitus
947 1331 1017 1419 fit,
1040 1350 1082 1405 ut
1106 1335 1170 1406 ille
1198 1361 1242 1407 ex

231 1469 337 1553 parte
354 1448 521 1521 fortassis
541 1463 596 1518 est
608 1446 748 1536 lactus,
767 1474 928 1545 quarum
949 1452 1039 1522 alias
1059 1449 1157 1524 iufra
1174 1452 1240 1551 (3)

231 1569 419 1654 dicemus,
438 1566 515 1637 aliae
530 1580 655 1635 autem
673 1563 720 1634 ad
735 1580 906 1638 tumores
923 1569 1084 1641 attinent
1099 1572 1139 1639 in
1153 1571 1242 1668 ipsis

231 1687 325 1786 gulae
353 1684 491 1756 tunicis
515 1684 797 1769 increscentes,
825 1684 1040 1779 cujusmodi
1067 1687 1242 1760 observa-

230 1806 354 1876 tiones
367 1803 483 1873 sectio
498 1799 578 1871 haec
591 1799 826 1897 Sepulchreti
850 1801 908 1898 (4)
929 1802 1104 1893 exhibet,
1122 1805 1241 1878 addit·

230 1946 305 2021 que
322 1921 432 1993 aliam
449 1920 550 1991 lectu
567 1917 720 2015 diguam
746 1918 790 1988 cl.
814 1919 1062 1994 Widmaunus
1077 1921 1143 2020 (ὅ).
1164 1929 1240 1997 Me-

228 2022 417 2108 morabile
434 2050 560 2107 autem
580 2059 656 2132 prae
678 2036 818 2106 caeteris
835 2037 930 2108 illud
948 2039 1105 2111 coalitus
1121 2066 1240 2139 genus

233 2155 412 2253 estquod
434 2153 477 2226 fit
496 2178 565 2251 per
583 2153 864 2250 cartilaginem,
893 2158 1002 2252 cujus
1022 2160 1091 2232 tria
1112 2161 1240 2258 Sepul-

232 2274 407 2348 chretnm
434 2268 580 2369 profert
605 2271 775 2368 exempla
800 2271 869 2368 (6)
899 2301 907 2343 :
938 2289 980 2347 tu
1012 2293 1137 2351 antem
1164 2278 1239 2350 duo

231 2392 437 2491 praesertim
454 2390 662 2487 adjunges,
682 2414 846 2487 quorum
864 2393 1025 2465 alterum
1041 2395 1240 2496 diligenter

231 2535 252 2583 a
282 2510 506 2582 Vallisnerio
538 2522 669 2578 nostro
696 2506 771 2604 (7)
796 2507 1053 2608 descriptum,
1080 2514 1238 2587 alterum

231 2629 483 2703 eruditissima
499 2627 655 2724 insuper
668 2624 928 2700 dissertatione
947 2629 1005 2726 (8)
1024 2633 1126 2703 acel.
1147 2634 1240 2704 Tril-

228 2748 309 2819 lero
323 2761 378 2819 est
388 2746 625 2819 illustratum.
640 2747 735 2813 Sunt
751 2745 821 2815 viri
833 2749 1127 2843 praestantissimi
1154 2752 1238 2848 qui-

228 2863 301 2937 bus
309 2864 347 2936 id
359 2865 437 2935 vitii
448 2867 541 2934 oriri
547 2862 730 2933 videtnra
734 2879 835 2961 potu
848 2889 962 2960 oqnoe
966 2867 1150 2957 fervidae,
1165 2869 1237 2940 hoc

287 3243 298 3277 r
335 3222 413 3278 Diss.
428 3223 465 3278 de
482 3233 594 3278 struma
606 3219 720 3298 oesoph
733 3224 802 3327 Ι518
819 3235 847 3281 et
866 3244 911 3281 22

302 3221 314 3298 l

283 3341 381 3417 2>s1

279 3440 313 3516 3)
335 3442 372 3495 N.
392 3382 436 3494 16.

283 3539 311 3604 4
334 3538 407 3596 Obs.
423 3557 478 3608 aa,
491 3543 581 3609 ret
594 3561 627 3595 111
639 3541 732 3599 addrt
747 3542 855 3599 obs..a

283 3639 312 3711 5)
333 3642 400 3695 Act.
417 3640 454 3694 N.
469 3543 506 3695 Cl
521 3650 592 3694 tom.
610 3640 643 3711 6,
660 3641 725 3697 obs.
748 3648 814 3718 149

280 3739 312 3817 6)
330 3739 404 3797 Obs
419 3738 452 3809 8,
468 3750 590 3814 9etao.

270 3221 282 3297 l

268 3360 401 3510 l

269 3539 307 3616 (

331 3842 444 3913 Opere,
458 3850 480 3894 t.
495 3840 526 3910 3,
540 3838 658 3894 observ.
674 3840 722 3896 36.

331 3941 375 3995 De
389 3940 478 3995 Fame
491 3938 595 4002 lethali
605 3958 641 3997 ex
653 3941 762 4001 callosa
775 3941 837 4000 oris
851 3944 975 4003 ventrio.
988 3949 1133 4023 angustia.

267 3638 278 3691 c

267 3737 279 3815 l

265 3837 295 3918 {7

265 3938 297 4017 (8
