2580 4514
225 355 298 401 ΜΒ.
326 354 382 401 111.
410 355 458 400 DE
484 352 621 401 uonnts
645 353 817 418 VENTRIS,
842 357 954 405 EPIST.
980 360 1078 406 xxlx.
1114 363 1161 435 79

137 469 401 558 nimium,nec
412 466 614 561 insulabris
628 466 838 565 quidquam
850 489 1061 570 sumpserat
1076 530 1086 563 ,
1103 501 1162 549 sae

136 589 195 660 vis
209 602 268 661 est
280 577 479 659 doloribus
499 586 539 655 in
559 586 713 683 regione
729 588 930 661 ventriculi
950 608 1157 690 correptus.

141 704 267 775 Dolor
282 704 415 802 capitis
431 701 630 802 perstabat.
653 703 814 775 Dolores
831 707 1030 778 ventriculi
1046 733 1160 811 auge-

136 821 293 897 bantur.
307 823 378 893 Per
389 818 516 893 alvum
528 835 565 892 et
581 845 649 918 per
661 845 704 891 os
719 821 836 894 multa
862 825 991 898 viridis
1005 832 1158 901 materia

138 939 374 1036 ejiciebatur.
399 943 471 1011 Per
486 936 585 1025 haec,
603 936 761 1009 ineunte
781 937 841 1011 die
863 943 975 1013 tertio
999 943 1158 1018 decessit

138 1060 241 1131 circa
257 1056 429 1131 medium
444 1057 613 1127 sextilem
633 1057 722 1127 anni
738 1081 844 1153 1707,
859 1061 1036 1133 Venetiis.
1056 1068 1157 1135 Ven-

139 1176 270 1250 triculi
295 1177 416 1273 aperti
444 1197 531 1271 pars
556 1173 708 1246 dextera
729 1199 818 1247 sana
842 1192 921 1247 erat
944 1204 951 1245 :
978 1179 1017 1249 in
1031 1205 1157 1278 eaque

141 1291 439 1369 confertissimas
453 1291 695 1363 lenticulares
708 1292 904 1389 glandulas
918 1319 1005 1366 cnm
1018 1295 1158 1370 doctis·

140 1413 246 1486 simis
265 1411 398 1484 amicis
415 1409 582 1509 spectavi
599 1410 649 1480 ita
668 1410 724 1480 uti
737 1411 778 1479 in
798 1414 848 1480 HI
863 1410 1157 1515 Adversariis(1)

142 1533 331 1630 scriptum
347 1544 412 1601 est.
423 1528 579 1601 Sinistra
591 1528 632 1597 in
643 1524 764 1599 fundo
775 1529 902 1601 multis
913 1547 992 1602 erat
1002 1534 1158 1608 maculis

145 1647 387 1746 sanguineis,
405 1659 441 1717 et
460 1645 519 1717 his
537 1644 690 1732 vividis,
710 1645 884 1721 distincta
905 1675 912 1717 :
931 1673 1026 1744 quas
1041 1650 1156 1751 inter,

146 1766 294 1864 aliquot
317 1762 417 1837 foeda
448 1761 661 1861 ferruginea
693 1764 860 1837 crustula
895 1765 1035 1839 obduci
1061 1770 1156 1842 inci-

141 1885 318 1984 pientes»,
335 1906 415 1955 rem
447 1881 494 1954 ab
522 1879 818 1954 inflammatione
843 1882 889 1954 ad
917 1909 1154 1983 gangraenam

140 2028 297 2102 vergere
319 1999 580 2075 ostendebant.
603 1999 660 2073 ab
677 1999 808 2071 eadem
823 2016 929 2098 parte
955 2028 1029 2100 qua
1043 2005 1155 2077 nullae

141 2136 249 2193 erant
266 2119 440 2207 maculae,
458 2133 495 2190 et
513 2142 601 2189 sana
616 2119 775 2190 interior
791 2120 918 2191 tunica
934 2120 1153 2210 videbatur,

141 2237 251 2312 nullo
271 2238 427 2336 negotio
455 2236 677 2334 sangninem
703 2237 971 2334 exprimebam.
1001 2241 1154 2312 Duode-

141 2382 259 2446 num,
287 2372 323 2428 et
349 2356 495 2453 reliqua
519 2355 696 2426 intestina
723 2354 783 2424 vel
807 2356 967 2427 interius
991 2374 1154 2455 spectata

141 2475 236 2551 nihil
258 2472 429 2546 morbidi
450 2473 675 2545 habuerunt.
698 2472 785 2544 Bilis
805 2474 968 2545 vesicula
987 2476 1152 2551 duorum

141 2611 199 2668 aut
212 2595 333 2666 trium
349 2590 554 2689 digitorum
565 2591 763 2663 intervallo
777 2591 824 2662 ab
834 2590 966 2664 infimo
981 2592 1100 2667 fundo
1114 2622 1152 2668 se

141 2709 458 2797 contrahebat,et
470 2733 619 2794 rursus,
636 2724 839 2806 antequam
858 2711 898 2780 in
912 2728 1077 2783 meatum
1088 2712 1153 2783 ‹le-¹

140 2834 279 2905 sineret
292 2832 487 2927 cysticum,
502 2826 729 2900 dilatabatur
744 2828 796 2898 sic
815 2829 909 2899 utin
927 2829 1018 2900 duas
1033 2830 1152 2930 videri

139 2964 265 3048 posset
288 2947 416 3019 divisa.
444 2945 849 3134 Thoracipparietibus
871 2947 1048 3020 omnibus
1068 2951 1153 3048 pul-

139 3090 272 3139 mones
302 3089 372 3162 per
400 3086 438 3135 se
465 3061 613 3134 adhaere
643 3076 728 3149 ant,
755 3063 978 3134 mediastino
995 3092 1151 3165 qnoque

138 3185 180 3257 ad
209 3182 394 3257 eumdem
419 3179 577 3252 modum
598 3182 758 3270 annexi3
788 3182 868 3252 sani
887 3197 1036 3272 tamen,
1063 3211 1150 3257 nam

139 3302 241 3402 quod
254 3301 447 3400 posterior
461 3323 594 3370 eorum
607 3322 693 3395 pars
706 3297 885 3388 rubebat,
900 3300 1033 3372 eodem
1053 3307 1151 3399 pari·

140 3435 192 3495 ter
219 3419 353 3492 colore
381 3416 568 3503 dorsum,
596 3434 632 3488 et
659 3418 869 3514 posteriora
902 3418 1149 3492 brachiorum

139 3536 269 3611 inlecta
284 3549 405 3619 erant.
420 3537 553 3631 Neque
574 3535 613 3605 in
633 3533 748 3606 corde
764 3559 889 3633 neque
908 3537 947 3606 in
972 3539 1151 3613 auriculis

180 3917 219 3996 (1)
243 3917 384 3974 Animad.
402 3921 428 3981 4.
