2580 4514
137 366 209 459 474
301 384 348 430 os
375 380 521 428 sumnus
546 380 590 426 nr
615 380 739 426 closis
765 379 986 428 nonnonuu
1075 416 1078 422 ,

137 514 215 585 est,
235 521 350 594 quam
365 511 407 566 ut
423 495 566 593 inquiri
576 519 679 565 nunc
689 492 839 566 debeat.
855 498 945 584 Qua
960 494 1009 569 de
1021 494 1130 568 coium

138 621 369 716 proprietate
391 615 625 686 mentionem
644 610 780 683 factam
800 636 988 684 essenon
1002 613 1133 686 memini
1181 670 1184 745 γ

138 749 224 807 ante
245 734 405 805 Cortesii
424 734 692 830 t1)tempora,
717 731 785 829 qui
799 737 1074 832 aperiendo,
1092 733 1135 803 iu·
1181 754 1184 859 p

138 854 241 951 quit,
265 867 496 952 compertum
517 866 591 936 est,
617 849 770 949 lapillos
799 855 841 919 in
856 848 1049 941 folliculo
1072 849 1136 923 bilis

138 987 290 1058 enatos,
303 969 546 1070 pinguedinis
565 974 685 1040 instar
699 972 870 1039 cremari.
897 969 1002 1060 Quis
1024 967 1137 1041 deinde

138 1087 178 1160 id
207 1112 411 1159 commune
449 1111 528 1159 esse
559 1086 633 1159 illis
673 1084 854 1157 omnibus
890 1083 1137 1174 affirmaverit,

140 1208 247 1305 quod
265 1205 442 1277 nonnulli
456 1207 662 1276 etiamnum
681 1202 836 1276 credere
851 1203 1058 1294 videntum
1071 1204 1139 1303 quit

141 1323 400 1424 utplurimum
426 1322 607 1394 duntaxat
632 1345 761 1394 verum
787 1346 870 1395 esse
891 1321 1137 1408 admonuerit,

141 1441 349 1513 indicatum
375 1456 430 1513 est
456 1440 571 1539 paulo
596 1455 682 1513 ante
707 1438 775 1538 (α).
802 1442 898 1531 Quae
916 1457 1050 1514 autem
1065 1438 1139 1511 mihi
1181 1464 1184 1513 ε

142 1560 245 1631 varia
266 1561 340 1631 sint
365 1559 404 1629 in
426 1560 618 1631 variorum
643 1558 911 1632 combustione
942 1559 1140 1645 observata,

144 1692 181 1749 ct
207 1702 304 1775 quos
334 1678 556 1775 concipere,
586 1677 684 1748 alere
704 1692 741 1748 et
761 1700 914 1748 servare
943 1658 1138 1761 flammam

144 1819 242 1893 quos
262 1819 369 1867 secus
386 1795 569 1886 viderim,
594 1820 680 1868 cum
707 1796 746 1865 in
765 1794 1011 1868 Adversariis
1026 1794 1091 1892 (3),
1113 1804 1140 1862 et

145 1911 302 2011 epistola
319 1912 383 1983 illa
400 1916 612 1986 anatomica
627 1903 682 2010 (l)
697 1930 779 1985 tum
796 1913 836 1983 in
854 1927 1033 1985 extrema
1050 1912 1141 1984 alten
1182 1902 1184 1913 '

145 2056 260 2129 quam
276 2030 323 2102 ad
337 2031 607 2104 Schroeckium
626 2031 712 2104 dedi
727 2030 797 2128 (5),
815 2032 1079 2130 perscriptum
1092 2040 1140 2100 ost

146 2155 201 2221 Ex
216 2148 356 2248 quibus
373 2174 459 2221 cum
473 2150 563 2237 alia,
579 2169 660 2222 tum
677 2148 773 2220 illud
791 2150 1016 2247 praesertim
1030 2144 1140 2220 intelli

149 2293 233 2367 ges,
251 2293 334 2366 quae
361 2270 460 2339 circa
486 2293 633 2356 omnes,
662 2282 770 2340 certae
794 2267 913 2338 etiam
930 2267 986 2338 ad
1008 2266 1143 2366 speciem

148 2401 314 2475 naturae,
334 2385 615 2458 aceleberrimo
627 2385 795 2484 quodam
819 2384 1031 2467 medicinae
1056 2381 1144 2479 scrip·

149 2518 234 2576 tore
251 2504 387 2576 tradita
406 2520 517 2595 sunt,
542 2504 588 2576 de
613 2502 792 2575 omnibus
808 2504 849 2573 in
868 2502 1023 2601 quibus
1038 2497 1146 2575 isfuit

38 2670 43 2681 ·
93 2669 95 2672 .
149 2620 382 2719 periculum,
398 2622 538 2693 nonde
558 2622 738 2694 omnibus
754 2623 792 2692 in
809 2619 1072 2720 quibusego‚
1088 2615 1145 2689 aiii·

142 2762 225 2835 que
244 2737 420 2830 fecimus,
434 2765 512 2813 esse
528 2736 756 2837 accipienda.
774 2738 930 2811 Scilicet
948 2738 1025 2812 sub
1039 2734 1144 2811 eaden

148 2870 304 2929 externa
326 2857 450 2955 specie
471 2858 542 2929 alia
557 2859 597 2927 in
612 2857 694 2930 aliis
712 2855 866 2929 calculis
893 2856 1145 2955 particularum

151 2973 363 3072 exquibus
390 2989 583 3062 constant,
607 2990 741 3049 natura
770 2987 808 3044 et
840 2998 1038 3047 numerus
1056 2974 1144 3045 laten

150 3079 298 3187 potest:
317 3094 395 3164 imo
419 3092 624 3192 aliquando
643 3118 691 3164 ne
708 3092 798 3164 latet
810 3083 1013 3189 quidem,
1039 3092 1070 3164 si
1084 3084 1142 3159 dili·

192 3474 236 3555 (1)
257 3479 383 3538 Miscell.
396 3484 476 3541 med.
488 3485 552 3542 dec.
570 3502 605 3556 π,
627 3504 652 3541 c.
664 3502 693 3559 9.

199 4270 231 4291 ¹·
