2580 4514
153 366 231 440 322
285 378 288 389 '
335 389 379 434 na
405 387 550 435 sumnus
575 389 619 435 ur
644 387 768 436 csusrs
793 389 1011 439 noanonnu

158 526 234 599 que
247 499 440 573 abdomini
459 500 730 572 cucurbitulam
745 526 823 574 esse
836 499 1081 600 affigendam.
1094 506 1158 575 Mo

159 619 686 716 desterepugnanteValsalva,
702 619 817 690 vincit
831 619 879 693 de
895 621 1153 693 missionesau·

159 737 283 833 guinis
295 737 478 808 sententia
489 735 649 806 duorum
665 761 808 807 senum.
825 739 885 808 Bis
901 762 1001 808 vena
1016 753 1150 835 pertun·

39 901 41 906 -
158 853 261 925 ditur
282 880 290 922 :
314 854 438 950 primo
464 880 509 925 ex
525 852 681 925 vulnere
700 851 795 922 nihil
813 854 906 941 exit3
932 878 979 929 ex
996 853 1147 927 secundo

157 971 307 1067 sanguis
324 970 478 1067 quidem
495 968 663 1066 prosilit;
684 968 748 1040 sed
768 970 955 1042 contiuuo
979 971 1145 1069 impetun

156 1088 306 1174 amittit,
322 1085 574 1183 languideque
593 1085 687 1157 adeo
705 1088 801 1173 exit,
827 1101 870 1157 ut
895 1088 1050 1159 tametsi
1069 1109 1144 1159 vena

155 1229 245 1277 mox
263 1205 384 1275 clausa
401 1204 469 1291 sit,
488 1204 619 1300 pulsus
641 1204 801 1300 amplius
825 1205 975 1303 percipi
997 1229 1076 1275 non
1091 1227 1144 1301 po

154 1324 278 1393 tuerit.
298 1321 461 1393 Accessit
488 1337 615 1419 postea
642 1320 722 1393 leve
747 1319 947 1392 delirium:
968 1320 1070 1392 oculi
1092 1318 1143 1391 ali·

155 1438 249 1536 quid
265 1439 472 1511 convulsivi
492 1436 760 1525 ostendebant;
778 1438 978 1534 respiratio
997 1435 1142 1509 difficilis

154 1553 249 1627 facta
271 1570 325 1627 est
346 1583 353 1626 :
374 1571 410 1627 et
429 1581 531 1627 mors
550 1554 714 1652 denique
731 1579 791 1641 ea,
810 1579 893 1651 quae
909 1557 1083 1651 proxime
1099 1578 1141 1626 se

154 1687 240 1744 cuta
253 1687 325 1761 est,
342 1687 453 1744 nocte
471 1674 630 1769 ingruit,
643 1672 851 1745 secundum
866 1671 1050 1747 Valsalvae
1064 1696 1152 1770 pra«,

152 1788 366 1861 dictionem.

201 1904 399 1977 Cadaveris
429 1907 617 1978 abdomen
650 1931 736 1978 curu
768 1921 1010 2015 attrectaret,
1045 1906 1139 1979 sensit

151 2023 202 2111 is,
219 2023 360 2120 aliquid
384 2021 492 2095 effusi
520 2023 692 2095 humoris
715 2022 876 2111 subesse,
899 2025 1062 2122 Sanguis
1078 2036 1139 2097 erat

149 2137 308 2226 fluidus,
326 2139 466 2213 effusus
479 2140 524 2212 ad
539 2139 818 2238 sesquilibram:
839 2140 905 2215 sed
925 2157 965 2214 et
986 2143 1027 2213 in
1044 2141 1138 2214 bron

149 2256 234 2330 chia
249 2258 389 2354 aliquid
407 2259 598 2356 sanguinis
618 2257 778 2331 effusum
807 2256 939 2331 hierat.
969 2263 1135 2333 Caeterum

146 2377 187 2446 iu
205 2391 336 2448 ventre
363 2376 484 2475 gravis
505 2376 626 2464 od0r;
656 2402 725 2448 nec
749 2391 875 2449 tamen
900 2379 1135 2475 gravissimus.

146 2496 328 2572 Intestina
345 2518 518 2592 magnam
534 2510 702 2592 partem,
721 2495 927 2592 praesertim
943 2521 1032 2594 quaa
1045 2517 1136 2593 supe·

144 2611 245 2683 riora
264 2627 416 2700 tenent,
432 2612 494 2684 hic
512 2612 589 2683 illic
610 2610 815 2699 rubebant;
831 2610 950 2687 ileum
967 2638 1060 2687 vero
1075 2614 1135 2710 jau

141 2728 257 2802 livere
284 2729 497 2828 incipiebat.
528 2731 776 2802 Peritouaeum
796 2754 884 2801 cum
916 2730 1043 2818 alibi,
1069 2746 1133 2805 tun

141 2848 329 2946 praecipue
350 2872 424 2943 qua
443 2844 688 2943 diaphragma
710 2847 911 2935 convestit,
931 2849 1053 2946 nigris
1073 2858 1134 2921 erat

139 2963 298 3035 maculis
324 2963 551 3035 distinctum.
587 2963 658 3035 Sed
685 2988 760 3060 qna
782 2964 1039 3037 ventriculum
1062 2961 1134 3060 (bic

115 3115 117 3118 ·
139 3080 242 3153 intus
259 3079 468 3152 secuudum
486 3094 659 3151 naturam
680 3105 718 3152 se
735 3079 939 3155 habentem
957 3085 972 3178 )
992 3080 1136 3157 exterius

138 3197 285 3280 amicit,
306 3197 423 3292 nigris
440 3196 648 3268 tuberculis
671 3199 817 3294 potius,
834 3223 952 3295 quam
972 3199 1135 3282 maculis,

61 3411 64 3416 .
138 3327 220 3389 erat
234 3313 424 3408 inaequale.
443 3315 532 3403 Quae
547 3313 745 3385 tubercula
763 3315 832 3387 etsi
851 3341 873 3385 a
892 3317 1024 3414 primo
1047 3315 1134 3418 glan·

139 3427 248 3513 dulas
263 3429 560 3517 mentiebantur,
578 3457 618 3503 re
639 3447 765 3504 tamen
780 3431 891 3528 vera)
907 3458 1000 3509 nam
1019 3435 1134 3531 etipse

137 3548 361 3623 ostendente
378 3547 570 3636 Valsalva,
589 3549 741 3621 illorum
765 3551 914 3647 aliquot
932 3577 1027 3627 mox
1049 3546 1132 3644 vidi)

96 3684 99 3689 ’
136 3663 234 3741 nihil
260 3679 368 3737 eraut
393 3664 496 3737 aliud
520 3667 597 3745 nisi,
612 3681 788 3767 stagnans
813 3671 994 3768 sanguis,
1014 3666 1135 3761 aussi

136 3786 272 3868 mavis,
293 3806 498 3880 gangraenae
513 3783 673 3855 initium.
816 3803 818 3807 ·

186 3899 218 3973 3.
247 3903 298 3971 Ea
317 3923 407 3971 culn
427 3898 521 3970 mihi
541 3901 784 4004 ostenderet,
808 3905 1005 4007 simulque
1023 3903 1135 3979 omnia
