2580 4514
158 368 229 460 564
323 394 369 440 nn
395 388 539 439 sumnus
564 390 607 440 ur
632 387 756 437 ctus1s
783 386 997 439 nonnonmt

155 532 238 580 sero
259 504 362 605 pleni
376 503 636 586 inveniuntur,
654 501 869 599 eodemque
882 505 1011 576 colore
1023 501 1133 577 intecti

153 627 293 696 viscera
315 623 458 709 omnia,
479 621 510 691 si
531 620 712 690 intestina·
725 621 894 717 excipias
913 636 952 692 et
974 627 1135 694 ventricu-

155 741 243 812 lum.
271 741 338 809 Hic
366 736 543 808 naturalis
563 736 833 833 magnitudinis
863 737 1027 810 modum
1056 739 1138 812 valde

154 855 362 954 superabat.
387 855 480 924 Lien
506 877 661 949 quoque
682 852 796 949 triplo
822 879 945 950 quam
976 882 1046 955 par
1068 870 1140 929 esset

153 975 282 1068 major.
303 972 389 1041 Bilis
406 985 484 1041 erat
499 968 646 1066 pallida.
662 968 840 1067 Lymphae
856 971 1004 1046 ductus
1018 975 1139 1045 nulliin

153 1103 395 1188 conspectum
412 1110 558 1157 venere.
579 1088 733 1157 Sinister
749 1087 887 1184 pulmo
907 1105 992 1161 erat
1005 1093 1140 1163 multum

151 1205 423 1293 inflammatus,
446 1230 489 1275 ex
511 1228 587 1301 quo
611 1204 815 1275 accelerata
836 1229 947 1279 mors
973 1209 1059 1304 jure
1082 1233 1139 1279 cre

152 1323 229 1397 dita
243 1338 317 1411 est,
338 1336 374 1393 et
394 1321 440 1392 ad
456 1321 624 1420 pleuram
641 1345 708 1419 per
718 1320 966 1397 membranas
981 1349 1139 1410 annexus,

150 1465 308 1539 quarum
329 1439 534 1510 interstitiis
553 1438 783 1536 descriptum
797 1463 931 1512 serum
950 1444 1135 1517 conclude·

149 1556 270 1629 hatur.

203 1699 255 1770 19.
288 1670 512 1769 Hypothesis
538 1673 574 1740 vi
602 1671 726 1767 potius
758 1694 876 1767 quam
915 1676 1136 1774 Hippocratis

149 1791 367 1862 auctoritate
397 1804 459 1860 aut
483 1786 779 1886 hydropicorum
810 1788 1066 1882 dissectione,
1089 1792 1137 1865 ad·

149 1906 283 1978 ductos
300 1905 389 1976 olim
409 1905 611 2002 plerosque
634 1901 745 1975 fuisse
764 1905 965 1997 medicos,
987 1927 1032 1983 ut
1049 1913 1136 2008 jecur

147 2025 335 2123 primum,
356 2020 491 2094 deinde
516 2036 552 2093 et
571 2022 738 2119 splenem
763 2021 955 2123 hydropis
985 2045 1136 2101 auctores

149 2139 394 2228 facerent,vel
409 2165 453 2211 ex
465 2136 707 2235 Sepulchreto
717 2162 927 2237 cognosces
938 2145 1022 2216 sive
1031 2145 1135 2239 uhi(t)

148 2260 187 2328 in
196 2257 467 2356 Hippocraticis
480 2254 584 2326 libris
598 2280 675 2325 non
685 2280 800 2326 unum
820 2273 888 2329 aut
903 2261 1134 2350 alterum5sed

147 2375 256 2474 plura
268 2374 329 2444 hic
345 2372 487 2468 culpari
502 2374 641 2442 viscera
656 2372 893 2463 ostenditur,
915 2379 997 2452 sive
1020 2381 1078 2452 uhi
1094 2377 1135 2478 (r)

147 2492 245 2565 bene
260 2490 386 2561 multis
403 2488 595 2585 productis
610 2488 909 2587 hydropicorum
927 2498 1132 2596 extispiciis‚

146 2611 275 2681 insons
295 2604 406 2677 fuisse
426 2619 631 2702 utrumque
649 2604 742 2677 illud
754 2607 899 2697 viscus,
918 2612 1132 2687 demonstra·

141 2742 213 2817 tur.
228 2732 274 2797 Et
292 2739 390 2795 certe
409 2747 653 2820 quaecumque
667 2747 773 2821 pars,
793 2726 874 2797 imo
894 2754 1130 2836 quaecumque

145 2867 255 2917 causa
272 2842 412 2912 diutius
427 2854 550 2937 potest
568 2843 756 2937 sanguinis
782 2858 849 2914 aut
874 2845 1043 2946 lymphae
1061 2873 1129 2922 cur·

145 2985 228 3034 sum
248 2959 405 3045 morari,
429 2971 492 3027 aut
515 2956 685 3028 humoris
711 2983 789 3054 quo
820 2983 945 3034 caveae
979 2965 1128 3066 corporis

143 3077 296 3149 madent
318 3088 451 3171 proeter
466 3073 620 3145 modum
635 3089 697 3145 aut
714 3076 969 3152 secretionem
992 3106 1126 3182 augere,

142 3211 206 3265 aut
228 3195 366 3264 exitum
383 3190 518 3261 deinde
535 3192 777 3279 imminuere,
805 3196 950 3268 morbo
970 3199 1058 3272 huic
1074 3223 1125 3298 po

138 3325 212 3391 test
228 3308 410 3404 originem
427 3305 601 3404 praehere.
618 3311 757 3379 Venter
775 3325 905 3382 autem
917 3315 1124 3411 praeterhaec

140 3425 346 3527 peculiares
365 3422 477 3493 hahet
494 3439 629 3520 partes,
645 3449 664 3494 e
684 3424 822 3522 quibus
833 3427 985 3504 humor
1007 3435 1045 3504 iu
1060 3433 1122 3529 ejus
1172 3424 1174 3433 ’

138 3567 270 3617 cavum
288 3537 492 3612 effunditur
507 3541 720 3639 aliquando.
736 3544 841 3634 Fuit,
855 3546 988 3647 inquit
1002 3547 1121 3623 Piccol·

134 3714 1118 3756 ······················'········-····-····-'-·—------

171 3823 214 3901 (1)
236 3826 313 3881 Sect.
324 3819 378 3880 hac
392 3841 445 3893 21,
461 3817 551 3878 schol.
563 3823 601 3878 ad
615 3827 631 3894 ς
647 3830 680 3897 4,
693 3825 759 3884 obs.
773 3846 803 3900 7.

168 3924 211 4007 (a)
233 3926 308 3984 Sect.
322 3922 385 3982 ead.
401 3921 466 3980 obs.
486 3939 499 3978 1
519 3931 622 3999 etseq.
