2580 4514
151 383 218 474 154
305 400 352 456 υτ·
379 406 524 455 sumnus
547 406 591 452 nr
617 373 740 454 causis
765 402 975 454 nonnosum
1092 402 1097 409 ·

140 526 267 595 tione:
285 526 324 593 A
349 521 559 613 dysenteria
579 520 707 590 habito
731 525 765 590 si
786 517 905 590 veluti
928 516 1132 591 caruncula

141 637 468 726 exeant,lethale:
492 660 560 707 nec
574 660 660 708 sane
680 637 710 707 is
730 638 794 734 qui
813 636 860 707 ‹le
878 636 1030 735 polypis
1047 658 1131 734 prae

141 757 239 827 clare
261 769 400 852 egerat,
425 752 519 824 illud
545 753 772 851 praetervidit
794 752 1034 825 doctissimus
1058 756 1132 823 Pu:

141 888 176 943 ta·
193 872 255 969 (ι).
279 878 459 943 Caeterum
476 895 589 967 quam
607 894 709 940 nunc
726 892 936 958 mucosum,
957 885 1024 941 aut
1041 868 1129 968 pol?

139 1006 268 1088 posam'
287 989 478 1060 materiam
494 988 668 1075 dicimus,
695 1013 780 1059 eam
801 990 962 1084 majores
986 989 1130 1086 piutita-’-
1163 1022 1172 1115 p

139 1118 214 1178 sem
233 1105 329 1195 lere,
346 1130 389 1177 ac
407 1105 583 1177 viscidam
600 1106 762 1176 vocitare
790 1119 1082 1195 consueverant,
1098 1116 1128 1175 st

138 1223 253 1321 aliqui
273 1224 313 1293 in
334 1223 392 1293 his
415 1224 525 1294 etiam
552 1246 635 1318 quae
656 1221 716 1292 hic
741 1223 988 1320 explicamus,
1007 1238 1128 1321 agnen·

138 1341 232 1412 cer'e.
256 1342 330 1429 Sic,
348 1365 395 1411 ne
424 1339 544 1409 multo
563 1341 833 1411 vetustissimos
861 1362 1047 1436 quaeram,
1065 1336 1125 1409 aui·
1158 1382 1161 1389 ·

137 1457 351 1545 madverte,
366 1456 547 1527 iacobum
568 1458 834 1554 Berengarium
853 1458 908 1549 (al
926 1456 1005 1528 uec
1021 1456 1122 1551 scrip
1165 1418 1172 1581 l

141 1576 230 1646 sisse
248 1601 255 1643 :
278 1589 316 1644 et
334 1598 400 1670 ego
418 1573 493 1645 uidi
506 1582 546 1643 in
557 1579 733 1644 intestinis
745 1579 834 1643 meis
843 1594 1028 1670 generare
1039 1574 1128 1643 coria
1169 1622 1172 1661 i

140 1693 393 1787 exflegmate,
422 1704 459 1760 et
482 1714 631 1760 carnem
645 1692 904 1785 flegmaticum
925 1688 1127 1787 aliqualiter
1169 1664 1172 1731 f

140 1809 292 1878 rubeam
302 1807 357 1877 ad
363 1813 609 1904 quantitatem
624 1810 801 1878 notabitis
814 1812 926 1891 nucis.
940 1810 1021 1878 Nec
1033 1806 1125 1877 alian

141 1924 333 1996 Fernelius
353 1925 405 2021 (3)
425 1926 616 1995 materiam
633 1923 792 1995 credidit
815 1923 916 1994 firmi
939 1923 1044 1994 illius
1061 1936 1127 1993 cot·

140 2043 261 2139 poris,
282 2041 483 2138 medioque
499 2042 615 2111 ductu
633 2040 791 2138 pertusi,
813 2040 918 2136 quod
933 2041 1046 2138 pedis
1061 2038 1129 2109 lon·

139 2158 306 2256 gitudine
322 2159 455 2256 egessit
467 2157 590 2229 Caroli
606 2158 891 2254 Vlmperatoris
907 2157 1056 2255 legatus
1064 2202 1077 2244 ,ι
1085 2154 1133 2227 sit*

138 2276 302 2373 pristinae
332 2275 537 2346 valetudini
565 2271 766 2346 restitutus.
794 2278 850 2346 De
878 2273 1084 2347 Gabucina
1101 2284 1132 2343 et

136 2392 280 2465 Platero
296 2372 406 2480 sileo,
419 2416 583 2489 quorum
598 2392 818 2463 sententiam
829 2389 1131 2463 commemoravit

136 2514 339 2582 Sennertus
374 2510 447 2606 (4),
481 2533 551 2581 nec
592 2509 784 2579 Lancisius
811 2509 1023 2607 ignoravit,
1051 2528 1129 2580 cim

136 2643 341 2725 utrumque
361 2628 464 2699 ultro
490 2625 606 2698 lassus
629 2643 684 2698 est
700 2624 755 2724 (5)
771 2641 856 2697 ante
874 2650 912 2699 se
936 2628 1067 2699 taenias
1081 2627 1131 2697 iu·

137 2748 360 2818 testinorum
382 2744 562 2843 quasdam
582 2768 728 2815 vermes
746 2758 826 2814 non
852 2764 931 2815 esse
953 2743 1137 2815 docuisse·

139 2866 265 2960 Ipsum
288 2879 411 2936 autern
437 2867 663 2934 Senuertum
686 2859 746 2959 (6)
763 2861 822 2931 vel
858 2862 979 2958 magis
1005 2854 1130 2945 laudas

138 2978 241 3074 quod
274 2982 409 3075 ejectas
440 3005 460 3050 a
489 2977 732 3075 dysentericis
765 2978 831 3073 qui
855 2975 1127 3059 convalescant,

137 3093 374 3169 membranas
406 3118 595 3166 raucos-um
623 3117 701 3166 esse
735 3107 1014 3165 sacramentum·
1048 3110 1141 3161 cem·

244 3446 279 3499 ln
292 3453 354 3499 not.
368 3443 406 3498 ad
421 3439 504 3497 hunc·
517 3438 622 3515 apher.

242 3544 347 3615 Super.
361 3551 441 3597 anat.
453 3540 588 3596 mundin.
600 3550 706 3596 comm.
722 3557 749 3608 7.

240 3637 352 3696 Pathol.
370 3642 390 3694 l.
403 3639 436 3709 6,
451 3659 476 3694 c.
492 3659 521 3714 9.

240 3737 349 3795 Medic.
365 3751 457 3814 praet.
474 3739 582 3813 1.3‚p.
599 3757 632 3808 a,
649 3757 672 3794 s.
690 3755 724 3806 a,
737 3756 762 3793 c.
777 3756 806 3806 7,
822 3755 872 3812 qu.
888 3736 916 3792 3.

238 3839 316 3895 Diss.
331 3839 381 3894 cit.
398 3840 490 3913 Epist.
507 3858 541 3911 a,
557 3839 595 3894 ad
606 3837 773 3895 Bianciard.
