2580 4514
177 394 246 447 tm.
269 394 326 442 111.
354 393 401 439 nr
427 391 562 439 nonnis
580 393 753 455 vaurms,
779 393 890 442 rmsr.
912 394 1034 439 xxxvi.
1062 377 1135 469 [109

178 507 237 606 2'9.
257 507 326 579 Vir
345 507 588 593 macilentus,
608 508 707 578 inter
726 505 818 576 alios
836 529 999 604 quorum
1026 533 1137 580 causa

128 628 167 696 in
199 621 423 725 nosocomio
453 621 527 695 hoc
551 623 713 695 cubabat
745 621 917 721 morbos,
945 638 1135 698 tumorem

128 745 244 817 etiam
260 741 424 815 habebat
434 743 472 812 in
489 742 620 812 lumbo
636 743 799 829 sinistro,
812 766 887 838 qua
899 738 962 813 hic
976 741 1046 814 sub
1056 744 1136 840 ipsa

125 858 258 955 infima
281 875 384 932 costa
407 884 560 958 vergere
586 860 718 957 incipit
734 858 781 928 ad
802 873 999 929 externum
1025 859 1132 931 latus.

123 983 160 1050 Is
179 993 310 1050 tumor
325 978 617 1075 inspectantium
638 976 758 1048 oculis
777 976 866 1048 alias
884 975 1041 1073 quidem
1057 1002 1134 1048 ma-

124 1097 203 1194 gis,
222 1095 312 1168 alias
331 1096 475 1184 minus,
500 1120 696 1193 nunquam
724 1110 848 1167 tamen
868 1120 947 1165 non
973 1095 1024 1165 sic
1049 1096 1135 1167 satis

123 1212 304 1310 patebat3
323 1209 637 1284 contrectantium
664 1197 789 1284 aute'm
812 1210 986 1283 manibus
1004 1213 1054 1283 ita
1075 1238 1136 1284 ce-

121 1329 261 1420 debat,
273 1331 382 1435 quasi
393 1329 594 1402 humorem
608 1331 828 1402 contineret.
843 1335 966 1401 Homo
979 1329 1135 1401 tandem

122 1450 203 1522 suis
219 1446 366 1520 morbis
395 1447 604 1520 succubuit.
632 1453 774 1521 Venter
794 1465 946 1546 apertus
974 1446 1068 1545 quid
1090 1444 1137 1518 fa·

122 1580 230 1638 ceret
242 1589 330 1637 eum
345 1578 532 1637 tumorem
546 1564 719 1664 ostendit.
732 1565 880 1637 Scilicet
892 1563 1027 1644 tumidi
1045 1564 1136 1663 sple-

121 1683 207 1769 niS,
226 1682 477 1780 etpraemollis
493 1707 580 1780 pars
596 1685 670 1754 ima
689 1708 735 1754 eo
755 1708 832 1781 quo
851 1681 1033 1770 diximus,
1051 1664 1135 1780 per·

119 1777 307 1888 veniens,
324 1800 560 1871 aventriculi
580 1796 705 1874 autem
728 1815 765 1872 et
782 1800 1051 1872 intestinorum
1070 1798 1136 1900 fla²
1169 1780 1172 1786 ⁵

121 1916 228 1990 tibus
253 1917 369 1988 modo
386 1919 532 2016 magis,
554 1916 641 1989 alias
661 1919 786 1990 miuus
811 1917 902 1989 illuc
922 1917 1134 2016 compulsa,

121 2037 163 2106 in
192 2035 415 2123 macilento,
434 2050 476 2107 ut
499 2035 641 2108 dictum
664 2049 739 2124 est,
758 2061 918 2135 corpore
938 2035 977 2105 id
995 2032 1135 2107 efficie-

121 2151 211 2240 bat,
234 2151 339 2248 quod
355 2151 638 2224 inconsiderato
659 2153 770 2223 alicui
786 2167 823 2224 et
843 2153 1044 2246 temerario
1057 2151 1137 2222 chi-

121 2292 259 2368 rurgo,
277 2294 414 2368 magno
437 2294 524 2341 cum
551 2272 638 2367 aegri
663 2270 913 2357 detriment0,
936 2269 1134 2367 imponere

121 2383 232 2458 facile
246 2388 439 2485 potuisset.

175 2502 234 2577 30.
255 2502 370 2576 Libro
391 2506 678 2603 praedictionum
700 2505 736 2574 II
753 2505 829 2605 (ι),
847 2520 1053 2610 postquam
1068 2505 1138 2576 alia

121 2621 170 2693 de
199 2620 440 2694 habentibus·
464 2647 623 2720 magnos
647 2623 765 2694 lienes
793 2623 891 2693 dicta
921 2637 1030 2709 sunt,
1055 2638 1137 2694 tum

122 2740 204 2811 haec
224 2734 412 2811 continno
432 2739 705 2836 subjiciuntur:
724 2746 758 2810 si
769 2765 862 2812 vero
879 2744 990 2810 etiam
1017 2744 1055 2809 in
1068 2759 1138 2836 pc-

125 2857 240 2928 dibus
262 2863 425 2929 tumores
455 2864 694 2943 accesserint,
714 2883 855 2955 aquam
871 2862 986 2928 etiam
1002 2857 1140 2928 habere

125 2973 367 3045 videbuntur.
397 2980 535 3047 Verum
562 2990 599 3045 et
622 2990 838 3047 contremet
862 2972 1006 3046 lumbos
1027 2970 1150 3072 inepti,

123 3114 209 3161 cere
226 3106 385 3190 oportet.
408 3092 518 3191 Apud
538 3092 624 3164 illos
649 3093 763 3190 igitur
783 3093 852 3189 qui
873 3106 962 3164 sunt
984 3091 1139 3162 oracula

122 3206 368 3305 Hippocratis
394 3211 647 3308 interpretati,
680 3198 807 3280 videas
834 3209 945 3280 velim
978 3234 1071 3280 num
1093 3210 1140 3282 sit

123 3324 264 3422 aliquis
288 3353 308 3396 a
333 3325 411 3425 quo
436 3308 654 3403 lumborum
685 3328 870 3425 inspectio
901 3326 949 3398 ad
980 3351 1138 3426 magnos

120 3430 229 3542 ipsos
253 3433 390 3529 lieneS,
416 3471 581 3543 quorum
615 3445 684 3516 alia
717 3447 889 3542 proxime
919 3444 1137 3544 praecedunt

122 3563 253 3658 signa,
270 3559 464 3632 referatur.
483 3566 538 3634 De
554 3562 765 3634 ventriculo
784 3578 910 3635 autem
927 3561 1032 3660 quod
1052 3562 1139 3632 scri-

159 3921 205 4031 (1)
229 3923 267 3979 N·
284 3929 335 4025 42·
