2580 4514
176 379 249 429 tm.
271 380 326 430 111.
354 385 401 430 oa
419 383 555 431 uoams
571 384 740 448 vaurms,
766 384 877 432 artsr.
899 380 1036 431 xxrvn.
1065 358 1142 456 507Ι
1188 394 1191 398 ⁴

119 498 225 571 trice
239 497 333 569 abse
342 513 513 597 repertos
528 516 817 588 commemorat,
828 501 1137 596 gestatosabsqae

119 616 211 693 alla
227 622 400 688 sanitatis
419 610 569 689 latione
584 616 696 699 fuisse
714 615 865 688 indicat.
882 616 1083 692 Roucallus
1091 617 1135 710 (1)

119 735 300 832 denique
311 736 421 831 ;nolo
432 737 533 808 enim
546 736 654 821 alios,
669 760 782 833 quam
800 736 865 832 qui
883 734 1060 807 scribenti
1073 758 1136 804 oc·
1181 731 1185 748 ²

119 869 306 940 currunt,
316 853 378 924 hic
393 857 604 940 nominare3
618 869 760 952 septem
772 851 885 925 refert
898 877 1019 950 parvae
1028 852 1136 923 nucis

119 970 323 1070 juglandis
347 972 604 1070 magnitudine
625 974 664 1043 in
688 973 770 1068 ejus
788 973 888 1068 'cysti
906 997 987 1069 quae
1005 985 1136 1041 octavo

119 1093 205 1188 jam
230 1113 360 1164 mense
382 1104 530 1163 uterum
557 1089 700 1177 ferens,
728 1106 765 1163 et
787 1105 868 1162 toto
887 1114 932 1161 eo
955 1088 1137 1185 temporis

119 1200 275 1307 spati0,
292 1222 328 1277 et
337 1206 413 1302 jam
427 1208 574 1305 pridem
592 1209 730 1281 bonam
746 1209 917 1279 habitum
929 1209 1138 1300 bonamque

119 1331 375 1403 amotionem
395 1341 432 1397 et
449 1327 614 1398 colorem
629 1352 714 1426 prce
729 1352 768 1397 se
786 1327 942 1414 tulerat,
958 1341 1000 1398 ut
1019 1326 1139 1396 mani-

119 1443 272 1521 festum
287 1459 384 1517 esset
396 1446 497 1533 ,nisi
516 1461 659 1543 puncto
677 1447 876 1544 temporis,
892 1446 929 1516 id
943 1443 1047 1543 quod
1059 1469 1138 1517 cre-

119 1561 252 1635 dibile
266 1586 346 1633 non
365 1577 440 1648 est,
457 1563 512 1632 illi
533 1565 834 1651 concrevissent,
858 1562 1059 1634 sanitaPem
1079 1561 1139 1633 vel

119 1680 172 1756 iis
186 1679 438 1776 praesentibus
446 1681 657 1778 perdurare
666 1706 792 1780 posse.
807 1684 900 1754 Satis
916 1681 1048 1778 igitur,
1068 1679 1140 1751 nisi

120 1795 227 1896 quid
244 1821 304 1868 me
325 1794 437 1889 fallit,
455 1815 646 1871 ostensum
663 1815 732 1887 est,
750 1800 898 1871 nullum
913 1801 1139 1896 cysticorum

119 1913 304 2014 lapidum
320 1932 547 2014 perpetuum
568 1942 648 1991 esse
666 1919 836 2016 signum,
854 1933 911 2007 et,
928 1916 1033 2014 quod
1051 1941 1141 1988 con·

121 2033 329 2129 sequitur,
348 2033 495 2105 nullum
516 2034 843 2135 planeproprium
858 2048 895 2106 et
915 2034 1115 2132 peculiare.

179 2148 245 2246 39·
261 2150 362 2239 Quid
383 2176 474 2248 ergo
496 2168 571 2238 est,
592 2155 736 2249 inquis,
761 2152 865 2248 quod
885 2151 1053 2223 medicos
1080 2177 1141 2222 ex·

122 2267 436 2367 parientissimus
453 2267 648 2367 Wepferns
660 2273 715 2362 (α)
734 2269 813 2340 haee
830 2268 877 2340 ad
893 2267 1140 2347 Verzasclntn

122 2384 285 2482 scripsit
299 2411 306 2453 z
320 2410 387 2456 nea
400 2385 539 2457 collam
554 2387 730 2458 vesiculae
746 2386 907 2456 biliarr'ae
926 2387 1142 2456 obturatam

122 2507 309 2581 avbtrmo
324 2556 334 2589 ,
353 2503 502 2600 quiade
516 2503 749 2599 cardialgta,
763 2529 828 2574 sea
842 2501 978 2573 dolore·
993 2508 1142 2588 tantive,

121 2624 201 2719 qui
229 2642 312 2691 aare
343 2635 543 2717 tegeretur,
560 2624 683 2717 J'axta
707 2620 965 2715 cartilaginem
985 2620 1144 2709 ensis‘onr

120 2760 255 2824 mem,
277 2736 398 2808 altam
423 2753 477 2812 est
500 2740 687 2810 silentiam
706 2741 725 2808 9
747 2763 877 2822 nonne
910 2738 1039 2808 saltem
1068 2735 1142 2808 hoc

122 2856 287 2952 ,signum
305 2908 314 2942 ,
333 2854 398 2927 ubi
410 2857 576 2929 calculus
587 2856 798 2933 obturasset
811 2857 951 2927 collum
961 2854 1142 2944 vesiculae,

122 2972 386 3070 inseparabile
418 2975 743 3046 existimabatlTu
770 2998 860 3044 vero
888 2971 1057 3044 attendas
1079 2971 1143 3043 hic

123 3090 272 3178 velim,
287 3115 410 3188 neque
427 3091 473 3163 de
495 3093 639 3164 calculo
663 3093 886 3163 nominatim
907 3089 1021 3161 verba
1038 3087 1145 3162 fecis*-

124 3233 189 3295 se,
210 3221 250 3278 et
265 3223 400 3304 prater
421 3210 605 3280 calculum
632 3235 710 3283 esse
731 3210 801 3281 alia
823 3208 892 3305 (3),
912 3232 994 3305 quae
1013 3223 1054 3279 ut
1076 3233 1144 3279 cae-

122 3342 257 3412 teros,
285 3326 335 3395 ita
364 3328 473 3396 etiam
502 3331 684 3424 cysticum
708 3329 794 3400 bilis
822 3327 985 3398 ductum·
999 3327 1145 3424 possint
1237 3396 1239 3401 ,

123 3442 343 3514 obstruere.
373 3444 541 3532 Deinde,
574 3449 717 3518 etiamsi
745 3445 910 3517 calculus
936 3443 1039 3516 hunc
1056 3443 1145 3515 obs-

169 3739 220 3818 (ι)
244 3743 280 3795 In
292 3741 385 3816 Epist.
398 3743 494 3809 addit,
511 3744 550 3799 ad
559 3743 627 3800 hist.
640 3744 773 3798 morbor.

170 3840 216 3919 (a)
242 3837 397 3915 Sepulchr·
412 3845 430 3899 l.
446 3844 478 3913 3,
492 3863 514 3899 s.
530 3844 565 3901 18
578 3845 609 3899 in
620 3846 713 3902 schol.
728 3844 767 3900 ad
780 3841 1074 3900 obstinantiam.

169 3941 215 4020 (3)
239 3941 310 3996 vid.
325 3959 415 4017 supra
427 3958 457 3999 n.
473 3945 509 4000 33
523 3956 551 3999 et
565 3945 613 4012 34.
