2580 4514
157 361 227 434 386
320 383 367 430 na
392 382 539 429 scottus
564 382 607 429 ar
633 382 757 430 causta
783 385 1012 451 nonnosum,

155 499 234 569 rius
250 495 532 583 humectatum
548 492 586 564 id
604 495 708 592 quod
726 521 805 566 non
825 523 908 570 uno
928 500 1016 575 loco
1032 525 1143 598 expet·

154 631 213 687 tus
230 639 309 686 sum
326 641 336 699 ;
355 636 433 683 non
450 637 556 684 secus
575 637 616 683 ac
636 616 820 685 resiccatae
840 617 1072 689 membranae
1096 643 1143 689 so·

151 733 246 821 lent,
267 733 390 830 ipsum
410 729 562 827 quidem
580 729 759 801 duntaxat
773 758 851 803 uon
868 736 920 836 ita
935 736 1060 806 multo
1074 749 1143 834 post

152 848 396 921 remollescat.
428 845 498 918 Sed
530 845 711 920 hactenus
740 849 828 920 brec.
858 853 972 922 Nunc
996 851 1043 922 ad
1070 851 1143 922 alte-

151 992 231 1037 ram
246 964 421 1038 Valsalvae
439 964 740 1035 observationem
764 992 809 1038 ex
836 968 880 1039 iis
909 993 995 1067 quae
1022 968 1069 1040 ad
1092 969 1143 1040 lie·

150 1109 238 1170 nem
252 1084 429 1168 attinent,
447 1094 690 1152 transeamus.

202 1230 255 1301 ¹7·
278 1199 415 1272 Mulier
433 1197 711 1296 duodetriginta
727 1225 846 1273 annos
858 1217 964 1292 nata,
984 1204 1138 1302 gracilis,

149 1336 268 1420 nupta
288 1318 465 1417 quidem,
496 1316 562 1389 sed
581 1315 821 1404 infoecunda,
848 1318 1038 1392 chronica
1067 1321 1140 1393 olim

149 1439 252 1513 febre
270 1452 422 1520 vexata,
442 1459 525 1532 quoe
552 1435 692 1532 splenis
717 1435 854 1507 molem
881 1452 1037 1510 auctam
1062 1438 1141 1521 adeo

147 1558 378 1654 reliquerat,
406 1569 448 1624 ut
471 1568 600 1624 tumor
619 1555 689 1626 sub
708 1568 850 1625 tactum
867 1554 1072 1629 manifesto
1090 1579 1140 1628 ca·

148 1660 275 1757 deret,
296 1668 548 1767 subpallidam
568 1669 738 1756 servabat
757 1668 952 1760 colorem,
983 1687 1024 1744 et
1050 1671 1139 1745 febre

147 1788 361 1875 interdum,
380 1811 466 1857 cum
490 1787 614 1884 rigore
632 1787 830 1859 invadente
846 1787 893 1879 ad
911 1788 996 1864 dies
1012 1792 1138 1889 aliquot

147 1904 357 1978 tenebatur.
390 1909 484 1976 Cum
511 1919 595 1976 ante
625 1903 819 1976 biennium
845 1907 1004 2004 sanguis
1031 1930 1138 1979 mens·

147 2040 256 2095 truus
267 2021 383 2095 fluere
399 2019 591 2108 desiisset,
616 2046 704 2092 mox
724 2038 904 2109 cutaneo,
931 2023 1000 2097 sed
1021 2040 1138 2097 contu·

145 2144 266 2229 maci,
291 2141 416 2212 ulcere
437 2138 573 2210 sinistri
595 2136 716 2211 cruris
737 2138 947 2213 laboravit:
977 2145 1086 2241 cujus
1100 2140 1136 2212 ad

146 2261 283 2331 ulceris
300 2259 393 2328 latus
412 2258 684 2330 intumescente
703 2273 831 2356 postea
850 2282 986 2348 crure,
1006 2260 1136 2335 absces

147 2400 209 2448 sus
228 2390 283 2448 est
300 2373 429 2444 factus.
445 2374 513 2444 Hic
533 2372 600 2444 etsi
619 2373 769 2446 abunde
788 2393 1023 2475 expurgatus
1037 2376 1083 2449 ad
1096 2376 1137 2447 ei·

45 2525 48 2530 ¹
143 2495 319 2566 catricem
335 2490 511 2563 accedere
523 2490 735 2578 videretur,
752 2504 986 2566 tamencum
1001 2511 1135 2594 tenpus

143 2613 298 2689 instaret
315 2635 392 2708 quo
410 2610 561 2706 sanguis
580 2635 624 2680 ex
642 2625 752 2682 utero
767 2607 921 2683 effluere
937 2610 1136 2693 debuisset,

144 2720 1136 2824 exacerbabatur,angebatur,etserosiicherismulto

143 2848 228 2946 plus
252 2845 474 2932 emittebat,
497 2868 539 2915 ac
565 2846 726 2917 vicissim
752 2871 828 2944 quo
855 2845 1013 2945 longius
1034 2847 1082 2920 ab
1099 2869 1134 2920 eo

141 2979 312 3061 tempore
331 2962 411 3035 dies
428 2960 706 3059 procedebant,
724 2987 770 3034 eo
790 2965 924 3035 minus.
949 2966 1017 3037 His
1038 2964 1136 3063 igitur

141 3082 230 3178 ipsis
248 3078 382 3152 diebus
400 3064 492 3151 ¹cum
515 3080 638 3177 pridie
659 3105 737 3151 non
757 3080 871 3152 modo
889 3104 1062 3179 paucus,
1080 3077 1133 3153 sed

58 3237 61 3242 ·
142 3212 180 3268 et
197 3198 436 3294 graveolens,
451 3196 560 3268 ichor
572 3197 792 3294 prodiisset,
809 3222 938 3296 neque
962 3199 1042 3272 ulia
1061 3220 1134 3298 pro

140 3328 242 3384 terea
268 3338 365 3383 nova
388 3315 617 3386 imminentis
638 3314 703 3386 fan
726 3316 970 3389 accessissent
987 3316 1132 3399 indicia3

140 3455 227 3502 ecce
245 3429 414 3501 diluculo
429 3434 468 3501 in
486 3432 584 3502 lecto
599 3431 727 3503 sedere
740 3433 909 3529 cogitur,
922 3431 973 3505 de
987 3457 1132 3533 praecor·

141 3546 291 3619 diorum
307 3549 492 3646 angustia,
506 3551 752 3620 etdesumma
768 3550 934 3648 pectoris
947 3553 1131 3635 anxietate,

138 3689 177 3736 se
190 3665 266 3737 huc
283 3666 374 3735 illuc
389 3688 560 3754 versans,
579 3668 631 3736 sic
656 3668 848 3765 queritur,
872 3683 916 3741 ut
937 3665 1129 3769 aliquando

134 3782 292 3854 verbum
314 3779 482 3878 proferre
496 3783 556 3853 vix
572 3787 710 3880 possit,
730 3785 888 3855 multam
906 3809 1129 3884 spumosam,

135 3914 171 3970 et
188 3900 367 3996 sanguine
391 3899 545 3971 tinctam
566 3903 758 3973 materiam
780 3904 948 4000 exspuit:
964 3902 1129 4003 atqueita
