2580 4514
887 68 930 185 t

150 333 222 406 366
310 354 356 398 na
383 352 528 398 scamus
553 352 597 396 ar
622 351 746 399 causis
771 352 988 403 uoaaouuu

147 469 337 554 historias,
350 466 496 537 tametsi
507 489 639 537 omnes
650 465 697 535 ad
709 465 859 564 hepatis
873 469 1048 557 morbos,
1058 498 1129 572 qua

147 590 233 660 dam
249 576 374 657 atatem
386 584 433 655 ad
443 585 559 681 ipsius
569 576 761 658 abscessus
773 590 984 684 pertinent,
1000 616 1074 662 uon
1085 591 1129 666 hic

146 705 385 790 iterabimus,
399 704 635 800 propositum
653 719 843 807 servantes
857 721 1033 778 nostrum
1043 709 1131 809 longe

146 823 357 895 abhorrens
384 821 431 893 ab
456 847 496 892 ea
522 822 667 892 incuria
687 824 817 919 quain
838 822 899 895 his
917 804 1132 924 Sepdlchreti

143 944 230 1013 XVI
251 957 288 1012 et
304 944 405 1015 XVII
426 939 656 1012 sectionibus
682 943 882 1038 complura
903 943 1074 1016 invenies
1091 970 1133 1017 re·

145 1063 271 1159 petita.
294 1059 344 1130 Ut
372 1060 471 1129 enim
500 1058 539 1126 in
559 1057 623 1128 illa
643 1059 860 1131 omittamus
883 1060 1058 1134 eamdem
1074 1087 1133 1135 esse

144 1176 446 1250 observationem
455 1178 523 1244 XII
535 1200 577 1245 ac
587 1177 731 1264 XVIII,
753 1177 792 1246 in
813 1175 885 1248 hac
898 1193 1005 1249 certe
1019 1177 1134 1250 eaedeu
1174 1238 1177 1301 Ι

145 1310 232 1365 sunt
244 1319 327 1391 quae
339 1293 379 1362 iu
397 1296 432 1362 II
450 1290 712 1363 observatione
736 1294 762 1385 §
795 1316 838 1363 ιο
870 1308 907 1364 et
933 1295 962 1387 3
992 1320 1039 1366 ao
1057 1294 1135 1365 indi·

144 1428 291 1500 cantur,
307 1414 473 1507 itemque
487 1414 534 1481 IV
551 1434 593 1480 ac
606 1435 689 1506 quae
699 1412 738 1480 in
753 1413 829 1500 XI,
845 1412 871 1504 S
893 1417 939 1502 4,
959 1428 999 1485 et
1015 1398 1135 1511 quae'iu

143 1531 317 1630 proximo
351 1530 430 1621 §8‚
453 1554 495 1599 ac
517 1530 658 1625 quaein
680 1532 716 1599 ΙΙ
738 1531 763 1621 §
793 1527 854 1619 15,
886 1544 923 1600 et
951 1532 994 1601 in
1025 1531 1136 1603 eaden

142 1649 204 1720 illa
218 1653 288 1736 XI,
310 1673 392 1746 quae
405 1651 430 1740 g
444 1677 484 1734 a,
505 1673 548 1719 ac
574 1673 656 1744 quae
673 1649 751 1741 Sd,
770 1674 817 1718 ne
840 1648 934 1746 quid
958 1649 1006 1723 de
1023 1651 1136 1723 iisdem

127 1790 129 1797 ’
144 1767 313 1837 dicamus
329 1791 411 1864 quae
422 1766 578 1837 totidem
597 1768 781 1838 iterantur
798 1765 924 1839 verbis
942 1770 985 1838 in
1005 1768 1136 1840 scholiis

106 1946 109 1950 a
144 1884 190 1956 ad
215 1887 301 1955 XVI
322 1883 425 1954 etad
449 1886 568 1955 XVIII
588 1885 900 1956 observationem.
925 1890 1008 1959 Nos
1030 1901 1134 1958 autem

142 2003 239 2074 nihil
255 2004 359 2073 exiis
376 2027 458 2100 quae
473 2018 565 2073 tunc
581 2004 817 2100 scripsimus,
834 2003 898 2075 hic
914 2019 1134 2103 repetenteS‚

142 2124 212 2192 tria
232 2120 411 2191 duntaxat
428 2120 475 2190 ad
498 2120 578 2191 illas
593 2120 770 2192 Valsalvae
798 2119 978 2194 historias
1001 2122 1134 2220 adjicie-

141 2264 237 2311 mus.
715 2258 720 2267 ·

68 2336 71 2345 ’
191 2359 223 2429 8.
251 2363 297 2428 Et
313 2357 479 2455 primum
501 2354 547 2426 ad
569 2381 648 2426 earn
670 2381 752 2454 quae
769 2355 822 2427 ibi
841 2382 944 2427 num.
973 2358 996 2429 8
1019 2382 1135 2458 propo

140 2478 209 2548 sita
226 2491 302 2562 est,
320 2474 414 2545 illud
439 2474 544 2573 quod
571 2501 615 2545 eo
644 2475 729 2545 loco
756 2498 908 2546 necesse
937 2501 1022 2547 non
1052 2490 1134 2562 erat,

139 2593 277 2666 addere
289 2594 351 2664 hic
366 2592 493 2664 decet:
513 2617 638 2663 serum
654 2617 732 2689 quo
749 2607 882 2663 venter
896 2592 1134 2679 redundabat,

138 2713 360 2784 nidorosum
372 2710 531 2782 halitum
543 2712 707 2782 emisisse
718 2710 966 2807 ejussimilem
976 2714 1046 2812 qui
1056 2734 1135 2810 saepe

68 2912 70 2917 ,
139 2856 183 2902 ex
197 2827 518 2917 febricitantibus,
532 2853 603 2900 nec
614 2854 700 2899 raro
712 2829 822 2899 etiam
834 2854 880 2900 ex
890 2854 1030 2901 eorum
1042 2830 1135 2901 urina

136 2949 363 3045 percipitur:
385 2947 463 3046 igni
482 2961 605 3017 autem
621 2947 861 3044 impositum,
878 2946 990 3019 brevi
1011 2948 1133 3019 exlim·

137 3064 226 3162 pido
242 3067 292 3136 ita
311 3062 447 3135 factum
465 3089 543 3136 esse
563 3064 776 3153 turbidum,
794 3080 835 3135 ut
861 3067 1066 3138 vaccinum
1090 3088 1134 3137 se·

136 3206 222 3251 rum
253 3206 332 3279 non
360 3197 462 3253 recte
483 3181 707 3280 depuratum
728 3180 905 3254 referret:
934 3180 1133 3256 tandemvi

136 3299 271 3371 caloris
289 3314 410 3370 totum
431 3301 470 3370 in
493 3326 601 3372 auras
620 3299 763 3373 abiisse.
783 3304 915 3398 Neque
936 3300 1014 3374 hoc
1038 3300 1134 3373 omit·

135 3415 294 3488 tendum
324 3432 400 3503 est,
419 3419 517 3489 circa
547 3418 736 3490 lumbares
768 3417 965 3518 glandulas
995 3420 1078 3492 leve
1103 3438 1134 3488 se

74 3566 77 3572 ·
135 3533 345 3633 prodidisse
372 3535 553 3606 indicium
582 3561 758 3608 vasorum
789 3536 1132 3635 lymphaticorum,

135 3678 218 3750 quae
238 3652 401 3723 multum
421 3669 528 3726 erant
541 3656 737 3726 exinanita.

182 3797 216 3868 9.
244 3769 300 3843 Ad
327 3795 409 3842 eam
432 3788 557 3846 autem
582 3799 696 3872 quam
719 3774 929 3872 proximam
950 3774 1007 3845 illi
1028 3774 1130 3847 histo
