2580 4514
89 156 92 173 ι
187 112 260 158 mu.
289 111 345 157 111.
373 108 1046 175 rumonusvurruis,ar1sr.xxx11.
1076 87 1146 160 205

95 290 105 299 .
140 240 262 322 partes
291 226 485 322 ingruenti
507 223 669 294 materiae
693 221 848 310 cedant,
876 239 922 297 et.
937 238 1064 296 tumor
1088 227 1147 309 iu-

89 402 109 423 ,.
149 357 300 428 crescat,
328 365 556 437 omnemque
570 341 709 410 exitum
733 337 884 411 faecibus
902 341 1144 414 intercludat:

89 480 118 519 =·-
152 457 305 558 itemque
323 456 484 531 dandam
500 456 654 554 quidem
677 483 849 555 operam,
872 474 915 529 ut
931 457 987 529 hae
1014 461 1147 534 molles

89 614 91 619 ·
154 580 229 666 siut,
252 602 302 649 ne
320 574 423 648 durae
446 598 653 672 crassaeque
682 575 864 672 sibiipsae
891 577 1152 673 angustiorem-

89 752 92 769 2
150 695 212 789 jam
236 696 336 765 viam
371 692 589 782 obstruant,
620 707 704 779 aut,
734 693 763 763 si
790 707 999 781 transeant,
1030 697 1146 767 nimia

150 812 177 881 vi
193 814 231 882 in
249 827 439 883 tumorem
452 807 547 881 facta
564 809 715 882 dolores
728 825 924 898 moveant,
941 827 977 881 et
998 813 1145 900 ulcera,

150 931 248 1026 siqua
269 930 363 1016 sint,
375 942 554 1026 augeaut3
573 952 644 998 uec
659 943 783 999 tamen
799 928 845 998 ad
863 927 955 998 illud
975 927 1147 1000 obtinen-

145 1044 249 1136 dum,
269 1044 322 1117 ob
348 1043 416 1118 has
434 1047 700 1143 ipsascausas,
722 1044 905 1116 utendum
931 1035 1144 1143 pharmacis

122 1189 221 1262 .quae
241 1175 308 1235 aut
335 1163 418 1262 ipsa
438 1163 539 1234 acria
570 1163 663 1250 siut,
695 1177 758 1233 aut
779 1186 903 1249 acres,
929 1163 1144 1260 multosque
1180 1166 1199 1178 ‘

141 1279 319 1359 humores
342 1279 431 1353 illuc
449 1304 580 1352 versus
593 1282 800 1351 coucieant.
940 1276 947 1288 ’
1134 1362 1135 1365 Ἴ

187 1422 243 1470 10.
270 1397 355 1469 Alvi
372 1397 671 1485 adstrictionem,
698 1396 743 1467 de
762 1423 836 1494 qua
854 1396 987 1468 breves
1010 1396 1077 1468 has
1097 1399 1144 1470 ad

139 1516 338 1602 relitteres
355 1518 504 1614 scripsi,
521 1514 599 1586 duo
621 1529 908 1611 consequuntur
934 1515 1073 1603 morbi,
1094 1517 1145 1586 al·

138 1647 194 1705 ter
214 1634 368 1732 saepius,
387 1632 497 1703 idest
514 1631 835 1722 haemorrhoidum
860 1629 1029 1718 affectio,
1050 1633 1145 1705 alter

139 1749 242 1823 haud
256 1751 308 1821 ita
325 1774 430 1838 raro,
442 1748 481 1820 id
495 1763 551 1821 est
562 1749 842 1848 auiprolapsus.
856 1753 911 1820 De
925 1749 1015 1837 hoc,
1030 1750 1143 1823 credo

139 1866 243 1966 quod
263 1869 379 1941 scires
404 1866 548 1938 nullam
575 1891 653 1938 esse
678 1869 718 1937 iu
742 1866 989 1967 Sepulchreto
1016 1871 1145 1939 sectio·
1224 1942 1226 1948 ,

89 1968 102 1989 ’
139 2009 246 2074 uem,
270 1985 347 2082 jam
377 1983 524 2082 pridem
549 1984 707 2082 longum
730 1984 929 2056 consilium
950 1985 1144 2082 quoddam

137 2101 327 2201 flagitasti,
343 2099 448 2200 quod
472 2126 569 2174 amc
597 2103 778 2197 scriptum
799 2101 1049 2189 inaudiveras,
1075 2127 1144 2200 ego

139 2244 247 2310 vero,
267 2219 379 2317 quale
392 2218 598 2315 ideumque
609 2233 680 2307 est,
691 2220 835 2289 mittam
852 2221 1008 2316 epistola
1019 2223 1145 2316 proxi·

137 2362 222 2421 ma„
245 2334 642 2435 De-haemorrhoidum
662 2350 785 2408 autem
804 2334 1003 2407 affectione
1029 2339 1144 2408 sectio

103 2470 107 2477 ’
138 2455 296 2554 quidem
306 2468 405 2539 extat
416 2456 456 2525 in
468 2452 715 2551 Sepulchreto
729 2453 806 2550 (1);
817 2453 881 2524 sed
894 2452 1018 2524 brevis
1033 2454 1144 2534 adeo,

137 2588 179 2647 ut
211 2573 243 2647 si
263 2570 407 2644 scholia
426 2571 572 2658 demas,
601 2572 661 2642 vix
687 2569 885 2640 dimidium
910 2572 1052 2667 paginae
1076 2572 1144 2639 im·

90 2760 93 2765 ,
137 2689 488 2788 pleat.·Quaproter
515 2688 702 2760 malumus
729 2687 777 2758 de
802 2686 1144 2759 haernorrhoidibus

138 2804 328 2893 nonnulla
342 2803 420 2876 huc
434 2804 590 2893 addere,
612 2829 725 2900 quam
747 2829 833 2874 cum
865 2829 910 2875 eo
930 2808 1144 2901 perveneri-

135 2946 244 3013 mus,
270 2921 466 3021 epistolam
486 2921 888 3019 scribere,praesertim
907 2947 993 2992 cum
1008 2922 1144 2996 dissec-

136 3043 361 3137 tioucsquae
381 3039 429 3111 ad
446 3063 574 3111 earum
598 3037 753 3110 morbos
773 3041 927 3136 proprie
945 3041 1143 3129 attineant,

136 3180 266 3256 neque
287 3154 881 3241 iuterValsalvaeobservationes,
903 3180 1027 3252 neque
1046 3159 1145 3232 inter

137 3291 291 3349 nostras
300 3270 418 3348 ferme
426 3275 671 3346 inveniamus.
691 3273 803 3363 Quod
814 3274 927 3371 igitur
940 3272 1073 3344 duram
1091 3275 1144 3349 al-

143 3596 157 3623 .
175 3653 222 3732 (1)
242 3656 280 3711 L.
296 3648 389 3722 hujus
401 3649 433 3717 3,
451 3667 506 3706 sec.
528 3648 573 3704 15.
