2580 4514
366 202 377 243 i

170 396 240 487 452
335 420 381 465 na
408 416 552 465 seruus
578 419 621 464 rr
647 416 769 466 causis
796 419 1014 470 norinorum

169 549 294 607 exacte
314 531 515 629 aqualem,
536 555 657 627 eoque
672 531 961 629 propemodum
976 528 1147 608 incredibi-

168 654 260 740 lem,
274 651 510 749 partitionem
530 650 649 720 multo
662 636 949 738 admirabilior,
967 653 1149 726 observatio

169 773 287 861 extat(
296 770 327 849 1)
340 769 445 864 globi
455 767 633 836 calculosi
650 774 778 837 uncias
793 767 895 840 duas
915 785 954 840 et
968 779 1076 843 semis
1079 797 1152 871 por·

167 888 347 975 derantis‚
376 887 443 983 qui
475 909 519 954 ex
544 886 654 981 cysti‚
680 883 774 955 nihil
797 885 902 956 aliud
936 890 1154 976 includente,

167 1004 374 1088 detractus,
395 1009 431 1071 in
450 1007 648 1097 sexaginta
662 1007 824 1072 minores
843 1005 1018 1076 calculos
1031 1008 1155 1079 obscure

161 1124 302 1210 fluam,
313 1117 510 1211 friabilis,
542 1116 706 1213 singulos
731 1121 974 1217 pentaedros
986 1177 998 1209 ‚
1021 1139 1058 1194 et
1079 1147 1156 1194 scut·

158 1237 295 1335 pulum
319 1262 433 1307 unum
451 1235 633 1332 ponderis
661 1251 873 1332 oequantes,
895 1238 1077 1311 discessit.
1100 1238 1156 1309 Sed

164 1371 200 1428 et
219 1356 289 1426 alia
302 1369 473 1453 prostant
484 1354 711 1450 cysticorum
728 1353 968 1426 calculorum
991 1357 1154 1456 exempla,

164 1475 231 1570 qui
245 1497 358 1542 ovum
380 1455 641 1543 columbinum
667 1468 874 1543 referentes
888 1476 968 1561 (a),
989 1500 1042 1546 ex
1057 1479 1156 1546 mino-

162 1592 263 1662 ribus
291 1594 452 1659 concreti
473 1588 716 1678 vidcbantur‘,
744 1603 809 1658 aut
838 1593 955 1661 etiam
991 1618 1043 1664 ecc
1071 1596 1157 1664 meris

158 1704 328 1803 granulis
344 1711 529 1801 compacti
552 1705 624 1801 (3),
647 1705 721 1776 sive
745 1713 950 1804 compositi
976 1709 1036 1806 (4)
1060 1721 1155 1780 erant

45 1896 48 1901 ,
160 1827 260 1893 Num
275 1845 365 1891 vero
379 1821 564 1915 ejusmodi
579 1822 732 1919 granula
753 1824 875 1920 prima
899 1849 984 1898 esse
1004 1826 1154 1899 dicemus

160 1940 264 2009 initia
276 1937 502 2008 calculorum
517 1941 627 2035 cystis
639 1941 809 2011 omnium
820 1942 957 2014 lHaud
971 1970 1062 2016 raro
1075 1958 1154 2016 certe

78 2146 81 2155 .
158 2059 199 2127 in
214 2056 375 2128 vesicula
393 2071 541 2154 reperta
558 2073 669 2146 sunt3
691 2082 777 2127 nam
798 2058 845 2128 ad
866 2083 933 2131 eas
954 2065 1070 2159 potes
1080 2083 1153 2160 quas

158 2174 220 2246 hic
233 2174 500 2272 produximus,
518 2175 606 2246 alias
619 2190 730 2274 atque
745 2176 833 2247 alias
848 2180 1080 2252 eorumdem
1100 2177 1152 2251 ob·

158 2293 385 2366 servationes
402 2291 623 2389 adjungere,
642 2293 739 2363 utin
758 2293 905 2390 virgine
920 2295 969 2368 de
987 2323 1065 2395 qua
1078 2300 1151 2369 Ver·

156 2433 274 2508 neyus
286 2409 415 2505 junior
430 2406 502 2504 (5),
521 2423 563 2479 ut
584 2409 622 2478 in
640 2410 722 2479 viro
736 2408 783 2481 de
797 2435 874 2507 quo
889 2412 937 2483 cl.
952 2418 1011 2486 Jo.
1029 2414 1148 2487 Sebast

155 2526 381 2599 Albrechtus
394 2525 465 2623 (6),
481 2551 567 2596 cum
587 2514 705 2596 inilia
725 2525 810 2600 bilis
830 2545 929 2601 esset
954 2532 996 2603 in
1017 2548 1073 2605 tot
1087 2556 1150 2631 par·

155 2671 223 2718 vos
239 2644 433 2743 grumulos
452 2659 648 2732 concreta,
665 2646 705 2715 in
719 2643 793 2716 hoc
809 2661 937 2717 autem
958 2654 1080 2732 instar
1089 2671 1148 2721 sac·

156 2763 263 2833 citari
271 2761 483 2858 gratialeo,
501 2785 565 2831 scu
583 2766 730 2831 seminis
743 2760 1148 2857 miliiiexcorticatisor·

154 2895 275 2964 mata,·
294 2893 330 2949 et
343 2903 390 2949 ne
404 2877 553 2975 longior
569 2879 659 2967 sim,
679 2894 719 2950 ut
735 2881 773 2950 in
789 2894 846 2951 tot
859 2881 944 2954 aliis
957 2883 1064 2976 (7)in
1076 2882 1144 2981 qui-

253 3460 365 3514 Halleri
379 3462 605 3534 opuscipathol.
620 3461 684 3517 obs.
698 3461 753 3532 33,
765 3459 835 3517 hist.
854 3461 901 3520 13.

253 3559 309 3615 Cit.
324 3578 414 3633 supra
427 3560 465 3616 ad
477 3579 506 3614 n.
523 3561 568 3615 13.

185 3658 230 3736 (6)
250 3662 317 3715 Act.
335 3661 373 3715 N.
391 3660 424 3715 C.
440 3670 512 3714 tom·
527 3667 554 3728 4,
571 3659 636 3714 obs.
651 3666 699 3734 49.

183 3755 225 3836 (7)
248 3757 389 3812 Eorumd.
406 3770 462 3813 aet.
475 3769 547 3813 tom.
561 3779 588 3828 1,
607 3759 670 3814 obs.
686 3778 739 3829 20,
755 3777 821 3814 curn
835 3761 897 3816 tab.
912 3761 948 3834 3,
973 3762 1023 3841 fig.
1038 3765 1054 3821 3
1072 3772 1096 3819 et
1108 3765 1133 3835 l,

139 3852 254 3929 etEph.
270 3868 346 3913 cent.
362 3856 395 3927 5,
418 3858 477 3914 tab.
495 3877 529 3930 1,
550 3856 599 3933 fig.
614 3859 645 3929 3,
662 3863 695 3930 4,
717 3856 820 3929 sets,
838 3871 868 3916 et
886 3862 1001 3919 Halleri
1015 3863 1077 3920 obs.
1089 3858 1131 3916 rit-

136 3952 204 4014 hiit.
223 3954 250 4013 5.
632 3967 635 3971 ·
875 3980 878 4003 ·
