2580 4514
243 381 292 472 94
411 399 457 443 mr
484 396 629 443 suemus
654 398 697 442 er
723 396 845 443 causis
872 399 1079 447 uouuouuu

215 518 216 525 ’
244 511 421 581 incitavit.
452 515 545 580 Cum
574 509 751 580 adversus
777 509 876 580 lianc
903 526 1055 582 externa
1082 513 1245 586 remedia

245 628 339 698 nihil
366 627 607 724 prodessent,
624 627 769 698 interna
787 642 910 698 autem
923 628 969 698 ab
982 654 1077 727 aegra
1092 654 1179 726 quae
1191 630 1244 702 ali·

244 763 370 816 menta
385 747 445 813 vix
460 745 584 841 aliqua
603 760 639 814 et
652 746 767 815 invita
788 761 972 835 sumeret,
986 770 1107 843 pauca
1130 749 1242 818 omni·

245 888 297 933 no
317 862 622 948 admitterentur,
641 862 680 930 iu
700 861 837 956 quibus
856 861 992 932 stillata
1012 887 1242 951 cerasorum,

245 995 309 1051 eut
334 979 488 1050 melissae
512 1003 608 1074 aqua
635 993 671 1050 et
697 979 1014 1075 compositionum
1036 992 1240 1054 castoreum

189 1123 194 1127 ’
245 1097 464 1168 habentium
485 1095 681 1181 nonnihil,
701 1095 840 1192 quihus
858 1097 972 1167 semel
989 1099 1068 1194 opii
1087 1122 1240 1197 granum

246 1215 463 1311 adjunctum
493 1230 569 1300 est;
596 1238 666 1284 nec
694 1213 902 1310 quidquam
928 1229 1023 1285 esset
1052 1216 1161 1312 quod
1183 1231 1241 1287 aut

246 1335 430 1404 vomitum
455 1347 639 1403 averteret
670 1345 733 1401 aut
766 1331 1048 1429 palpitationem
1083 1333 1239 1420 sedaret3
1280 1398 1284 1405 .

246 1450 449 1549 postremis
477 1450 645 1544 quinque
674 1447 807 1519 diebus
834 1449 945 1547 pulsu
973 1448 1242 1537 infirmisstmo,

213 1572 222 1583 ³
247 1568 403 1666 perexili
422 1582 457 1636 et
474 1563 693 1637 formicante
718 1562 831 1653 lacto,
855 1567 1099 1663 palpitatione
1124 1584 1241 1640 autem

248 1685 490 1783 persistente,
510 1684 613 1754 alvus
631 1684 904 1781 sponte-soluta
917 1699 973 1756 est
990 1684 1049 1755 vel
1065 1688 1243 1793 nimitun3

247 1817 290 1873 ut
318 1826 431 1898 saepe,
459 1816 495 1871 et
525 1801 641 1871 multa
671 1803 782 1872 etiam
812 1801 904 1872 dura
932 1803 1093 1897 ejiceret.
1121 1809 1243 1901 Itaque

249 1917 502 2018 perstantibus
530 1919 693 2003 caeteris,
714 1934 751 1989 et
769 1918 948 2016 paulatim
970 1921 1148 1991 extremis
1174 1905 1247 1992 eor*-

245 2038 352 2135 poris
368 2034 672 2133 frigescentibus,
690 2035 839 2108 vivendi
853 2035 967 2108 finem
975 2035 1067 2108 fecit
1080 2054 1247 2109 matrona

250 2155 412 2254 optima,
426 2170 462 2224 et
481 2153 531 2224 ob
548 2154 586 2224 id
602 2156 713 2224 ctiam
728 2154 802 2223 vita
822 2153 940 2224 multo
950 2154 1115 2250 longiori
1129 2155 1249 2254 digna,

250 2272 353 2372 quod
375 2271 565 2342 mandavit
585 2272 771 2355 moriens,
790 2270 826 2340 id
842 2270 946 2367 quod
962 2296 1159 2369 perpaucae
1174 2296 1250 2344 mu·

251 2391 361 2463 lieres
390 2388 574 2469 facerent,
604 2398 646 2458 ut
675 2388 845 2474 diuturni
866 2391 922 2461 sui
950 2392 1114 2461 vomitus
1145 2415 1250 2463 causa

250 2534 319 2608 per
333 2523 533 2578 anatomen
554 2520 800 2601 quaereretur,
820 2508 850 2577 si
876 2504 973 2576 forte
997 2507 1059 2577 illu
1077 2510 1249 2595 inventa,

251 2627 429 2698 auxilium
447 2622 536 2695 ferri
555 2639 681 2720 posset
705 2621 812 2711 filiis,
832 2626 873 2694 iu
899 2624 1039 2721 quibus
1062 2642 1142 2696 erat
1169 2648 1249 2724 que

246 2745 321 2839 jam
338 2741 608 2814 vomitionibus
625 2743 760 2812 tentari
773 2744 973 2840 inciperet,
992 2742 1172 2816 adversus
1184 2744 1249 2815 ha·

250 2861 470 2932 rediturium
488 2858 689 2943 morbum3
710 2861 841 2931 eodem
859 2860 960 2930 enim
980 2874 1057 2957 quo
1083 2863 1163 2958 ipsa
1187 2884 1249 2932 vo·

251 2976 379 3047 mendi
393 2975 653 3064 incommodo,
669 2991 787 3046 mater
799 3001 970 3073 quoque,
981 2977 1057 3072 jam
1073 2993 1159 3050 aute
1174 2979 1252 3076 plu·

251 3119 310 3165 res
327 3117 447 3164 annos
461 3094 641 3180 extincta,
660 3093 902 3164 laboraverat.
919 3098 1049 3192 Itaque
1061 3118 1145 3166 eum
1158 3120 1182 3166 a
1193 3118 1251 3170 tue

250 3213 415 3310 petiisset
425 3209 663 3282 nobilissimae
673 3209 817 3283 familiae
827 3214 981 3308 nomine
991 3213 1135 3310 college
1147 3236 1252 3284 meus

251 3329 510 3400 ornatissimus
538 3329 782 3400 Vallisnerius
813 3328 933 3417 filine,
964 3343 1006 3400 ut
1037 3330 1252 3403 disseottoui

250 3469 407 3544 praeesse
427 3445 583 3535 vellem,
604 3470 768 3543 cumque
784 3446 1252 3544 umedieospectatlssime

249 3565 319 3662 qui
333 3580 679 3662 annos‘postremos
693 3564 893 3637 duodecim
905 3566 1006 3653 miti,
1025 3581 1068 3637 ut
1084 3564 1251 3653 decebat,

202 3704 205 3709 ·
251 3681 457 3755 curationis
487 3706 625 3781 genere
652 3698 831 3753 matrouae
858 3680 1036 3772 affuerat,
1062 3688 1174 3754 Petro
1205 3678 1250 3753 dc

250 3796 489 3888 Marchettis,
504 3803 604 3870 Petri
626 3801 762 3897 equitis
778 3815 940 3898 nepote,
964 3826 1007 3873 ea
1026 3803 1251 3898 omniaque

242 3915 434 3991 bactmus
459 3916 596 4015 scripta
618 3934 723 4010 sunt,
746 3920 990 4018 accepissem
1021 3940 1148 3993 coram
1171 3921 1251 4018 ipen
