2580 4514
254 352 325 448 398
417 375 464 420 nr
490 372 636 420 sumnus
661 372 705 419 rr
730 372 854 422 causis
879 374 1096 424 moruorum
1143 360 1147 367 '

254 489 368 588 paulo
385 502 492 560 erant
509 488 547 557 in
569 487 763 585 superiore
783 503 954 560 extremo
968 489 1131 562 latiores.
1151 494 1235 562 lnso
1278 485 1284 527 l

254 607 319 677 lita
347 630 501 702 quoque
532 619 610 674 erat
638 604 787 675 sinuum
807 605 1035 703 longitudo,
1063 630 1149 679 vasa
1162 606 1253 680 erei-¹

255 723 438 822 pientium
461 736 498 793 et
515 722 785 808 emittentium,
800 742 923 821 eoque
935 721 1088 795 facilius
1103 723 1240 795 animal·

254 839 458 926 vertenda,
483 837 588 935 quod
612 852 688 908 tota
711 862 753 908 ea
779 862 866 936 pars
885 839 1017 912 deerat
1049 838 1241 913 substantie

255 983 389 1029 renum
401 982 483 1054 quae
498 956 725 1028 anteriorem
740 957 888 1028 sinuum
907 958 1099 1055 parietem
1117 957 1241 1031 faceret

253 1079 380 1173 itaque
399 1076 559 1171 majores
578 1098 622 1145 ex
638 1074 681 1146 iis
699 1074 813 1146 ramis
828 1077 895 1172 qui
913 1075 1050 1147 lotium
1069 1077 1112 1147 in
1128 1075 1243 1174 pelvim

254 1191 495 1279 convehunt,
512 1192 582 1262 toti
603 1190 804 1288 patebant,
823 1191 1088 1291 petebantque
1116 1195 1243 1291 sangui·

240 1310 329 1383 'fera
349 1334 435 1380 vasa
461 1309 566 1379 omni
586 1332 630 1378 ea
656 1323 762 1406 parte
790 1334 873 1408 quae
891 1310 992 1380 iutra
1020 1309 1132 1382 siuu's
1150 1309 1243 1381 condi
1280 1328 1284 1397 2

253 1430 359 1500 solet.
380 1426 451 1498 Sed
469 1451 555 1497 cum
575 1424 621 1496 ad
634 1450 744 1498 renes
757 1426 924 1525 singulos
940 1425 1066 1516 bium,
1084 1427 1189 1499 idest
1203 1450 1244 1498 su·
1282 1430 1284 1447 '

252 1547 380 1645 perior
397 1561 434 1615 et
451 1543 618 1631 inferior,
632 1545 864 1642 pertinerent
878 1546 1041 1632 arteriae,
1056 1558 1099 1617 et
1108 1544 1243 1617 totidem

250 1688 374 1750 venae3
392 1660 447 1731 hae
462 1660 648 1758 quideme
667 1659 810 1734 sinibus
826 1663 876 1733 ita
891 1654 1050 1734 exibant
1065 1717 1077 1747 ,
1092 1676 1136 1735 ut
1146 1664 1183 1735 iu
1195 1686 1241 1734 su-

250 1783 438 1878 periorem
452 1795 700 1850 transversam
713 1803 847 1850 venam
864 1778 1024 1876 oblique
1039 1780 1243 1853 ascenderet

251 1897 417 1969 inferior.
439 1899 592 1968 Arteriae
611 1920 702 1967 vero
728 1920 853 1994 neque
872 1894 1143 1996 jungebantur
1164 1900 1244 1970 iuter

251 2042 310 2103 se,
328 2030 365 2086 et
381 2032 456 2087 tam
466 2013 634 2102 inferior,
650 2037 764 2112 quam
775 2015 969 2111 superior,
991 2015 1079 2088 sine
1099 2015 1243 2113 oblique

250 2149 324 2205 tate
342 2135 382 2204 in
409 2147 663 2204 transversum
688 2130 928 2222 ferebantur,
947 2133 1084 2232 itaque
1106 2132 1243 2207 inferior

250 2276 330 2322 non
358 2251 482 2322 sinum
512 2249 685 2348 petebat,
705 2249 771 2321 sed
790 2246 887 2320 infra
902 2250 1054 2341 sinum,
1086 2250 1241 2325 infinum

250 2368 528 2466 propemodum
548 2368 648 2438 renis
669 2367 773 2439 latus.
793 2372 846 2439 Ex
865 2367 923 2457 his
947 2364 1241 2470 intelligis,iule

219 2552 222 2558 .
248 2487 387 2558 riorem
406 2502 606 2582 utramque
623 2485 797 2555 arteriam
821 2485 942 2555 multo
963 2484 1132 2561 inferius
1147 2508 1241 2587 quam

248 2630 381 2676 renum
399 2603 542 2674 arteriae
550 2601 715 2689 soleant,
729 2603 820 2673 oriri
839 2600 1035 2675 debuisse:
1053 2620 1097 2678 et
1110 2630 1196 2679 eane
1207 2628 1240 2674 er

207 2746 210 2751 ·
247 2736 351 2793 aorta
364 2724 424 2792 vix
449 2720 593 2819 pollicis
609 2720 807 2790 intervallo
831 2744 943 2819 supra
962 2718 1239 2796 divisionemin

245 2842 387 2927 iliacas,
406 2837 648 2910 oriebantur:
668 2838 817 2936 etquod
829 2836 984 2910 fortasse
999 2840 1131 2913 multo
1139 2842 1240 2913 rarius

246 2973 323 3046 est,
353 2981 430 3028 non
456 2982 502 3027 ex
525 2971 637 3026 aortee
657 2955 858 3044 lateribus,
877 2954 941 3028 sed
962 2981 1011 3027 ex
1030 2958 1117 3057 ipsa
1135 2956 1240 3031 media

245 3078 433 3147 anteriore
464 3075 549 3170 ejus·
572 3072 682 3160 facie,
704 3074 754 3144 ita
774 3075 1000 3172 propinquae
1016 3074 1124 3148 inter
1141 3088 1241 3164 se,ut

244 3217 372 3264 earum
391 3190 533 3263 orifieia
545 3195 606 3261 vix
619 3207 725 3289 septo
739 3194 958 3264 tenuissimo
971 3208 1237 3292 separarentur.

245 3309 339 3380 Inde
359 3307 554 3407 profectae,
581 3312 761 3408 utrinque
778 3310 917 3381 similes
949 3324 988 3381 et
1012 3312 1238 3409 aequales,in

242 3427 446 3524 nullosque
465 3443 550 3499 ante
570 3429 813 3500 insertionem
825 3426 949 3499 divisae
958 3452 1109 3520 ramos,
1123 3450 1240 3529 eoquo

243 3545 344 3633 dixi,
363 3545 642 3632 inserebantur;
663 3569 751 3616 rum
772 3545 988 3642 superiores
998 3549 1169 3636 arteriae,
1184 3544 1239 3619 ali·

242 3663 415 3760 quand0‚
436 3663 499 3750 sed
520 3687 599 3733 non
620 3663 759 3751 multu,
788 3661 847 3733 his
874 3664 1101 3753 crassiores,
1130 3686 1239 3763 neque

240 3782 403 3876 origine,
424 3805 548 3877 neque
566 3781 679 3851 ramis
696 3780 742 3850 ab
764 3779 1093 3876 iis'discreparent
1105 3806 1198 3881 quas
1206 3792 1240 3851 ut

238 3900 446 3996 plurimum
473 3898 601 3974 videre
628 3898 728 3968 soliti
752 3920 892 3970 sumus.
919 3901 1092 3990 Caetera,
1117 3899 1240 3974 metius
