2580 4514
183 358 253 430 266
346 381 392 425 DE
418 379 563 425 sumnus
587 379 631 424 ET
656 379 779 426 CAUSIS
804 379 1012 428 MORBORUM

182 519 313 566 eorum
331 489 484 563 fortasse
500 508 645 591 partem
663 518 745 589 quae
758 518 887 593 supra,
905 499 1146 592 prasertimau
1216 526 1218 531 ·

182 628 258 685 tem
288 612 538 700 mercurium3
563 612 635 683 nisi
664 608 759 683 forte
785 614 990 704 existimas,
1012 613 1112 712 hujus
1126 628 1149 685 et

184 730 384 828 simplicis,
415 744 452 800 et
481 731 560 801 sine
589 729 668 799 ullo
699 729 904 826 dejectorio
930 730 1151 823 remedi0,et

184 849 265 921 dosi
276 850 478 947 perexigua
493 848 586 935 dati,
597 871 658 918 eas
673 846 783 920 fuisse
799 851 919 940 vires,
933 865 979 922 ut
991 875 1060 950 per
1074 852 1155 923 inter

182 968 253 1038 tini
271 967 499 1063 interceptos
515 966 696 1062 parietes,
713 965 877 1038 necdum
892 966 1052 1065 quidem
1076 966 1157 1065 spha·
1216 1014 1218 1033 =

183 1085 284 1173 celo,
310 1083 374 1157 sed
398 1106 595 1182 gangraena
620 1098 746 1154 tamen
763 1100 960 1182 correptos
976 1106 1162 1186 propagare

180 1203 377 1302 potuerint
395 1201 524 1272 nescio
543 1224 657 1297 quam
682 1200 941 1273 irritationem.
964 1201 1081 1294 Quod
1099 1224 1165 1274 cun

182 1318 286 1392 facile
307 1319 411 1390 credi
432 1333 613 1415 nequeat,
632 1318 870 1391 verisimilius
897 1317 1093 1391 videbitur
1116 1318 1168 1389 mi·

181 1463 255 1509 nus
273 1452 374 1507 arcte
403 1437 442 1505 in
471 1434 542 1506 hac
564 1433 702 1507 femina
726 1460 840 1533 quam
867 1438 908 1506 in
930 1437 1076 1533 Juvene
1092 1437 1194 1534 agri·-

182 1553 353 1651 colair),
374 1556 619 1626 constrictum
636 1552 749 1626 fuisse
766 1556 1010 1644 intestinum,
1037 1570 1083 1627 ut
1097 1576 1173 1626 met·

181 1675 276 1744 curii
292 1672 465 1771 pondus,
481 1674 690 1744 mutatione
710 1673 803 1744 situs
820 1673 994 1771 corporis
1020 1686 1062 1746 et
1080 1672 1176 1743 romi

183 1806 243 1863 tus
264 1791 512 1888 coagitatione
528 1815 570 1862 ac
589 1792 782 1890 pressione
803 1791 996 1887 adjutum,
1023 1790 1178 1890 potuerit

183 1907 335 1980 brevem
363 1907 469 1978 illum
502 1910 669 2011 intestini
697 1923 859 1980 tractum
888 1908 1060 1996 emetiri,
1087 1923 1123 1980 et
1145 1928 1179 1979 et

183 2026 364 2126 deinceps
385 2051 467 2125 quae
483 2025 581 2099 infra
602 2043 726 2114 erant,
741 2028 839 2099 sanis
849 2024 1131 2123 adjuvantibus,
1141 2022 1179 2095 ad

184 2147 323 2216 exitum
337 2170 574 2242 promovere.
591 2145 662 2216 Sed
676 2159 713 2217 et
727 2144 933 2242 quodpiam
945 2168 992 2214 ex
1008 2144 1057 2215 iis
1070 2166 1181 2217 exem·

183 2264 255 2362 plis
273 2261 443 2362 proferre
459 2264 564 2359 juvat
583 2265 623 2332 in
648 2262 787 2360 quibus
804 2260 945 2359 aliquid
972 2261 1090 2357 dejici
1112 2256 1186 2333 tta

183 2380 308 2451 morbi
322 2396 491 2479 tempore
508 2406 588 2453 non
606 2397 661 2453 est
678 2380 849 2452 desitum.

237 2496 290 2570 15.
317 2502 453 2587 Maria,
478 2523 576 2570 uxor
602 2499 757 2569 Antonii
784 2496 1029 2586 Franciscati‚
1060 2496 1182 2593 auriga

184 2618 368 2704 Patavini,
384 2614 498 2714 (fecit
517 2618 618 2690 enim
636 2617 866 2703 rarissimus,
890 2638 1009 2710 quem
1034 2613 1079 2685 in
1097 2614 1183 2685 illius

184 2736 320 2805 arteria
332 2733 549 2832 pulmonari
566 2732 727 2822 offendi,
742 2733 976 2804 valvularnm
988 2752 1183 2818 numerus,

138 2936 141 2945 Ι
184 2866 228 2924 ut
254 2878 397 2924 nomen
419 2869 455 2925 et
477 2867 607 2924 caetera
626 2877 708 2950 quae
724 2851 771 2923 ad
787 2848 957 2922 eamdem
972 2850 1184 2935 attinerent,

185 2968 385 3068 diligenter
397 2973 657 3068 perquirerem
671 2970 814 3066 )annos
830 2984 916 3039 nata
931 2966 1186 3067 undequadra-

186 3087 307 3183 ginta,
324 3088 508 3160 mediocri
520 3092 693 3187 corporis
712 3086 862 3175 habitu,
878 3086 1010 3158 colore
1023 3111 1106 3158 non
1121 3108 1185 3156 ma·

186 3200 224 3271 lo
244 3204 440 3302 multoque
459 3207 585 3278 minus
603 3205 775 3294 icteric0‚
796 3203 962 3302 plurium
984 3203 1184 3275 viventium

188 3317 397 3392 liberorum
430 3347 588 3421 parens,
623 3348 789 3421 quorum
819 3322 1009 3419 ultimum¹
1024 3323 1106 3418 jam
1132 3341 1185 3391 sex

189 3461 336 3510 menses
364 3439 577 3529 lactaverat,
609 3467 693 3512 cum
723 3439 858 3511 morbo
885 3438 962 3510 hoc
988 3438 1184 3510 novissimo

190 3571 363 3653 correpta
378 3573 451 3642 est,
467 3560 561 3629 nulli
576 3558 745 3656 unquam
760 3558 833 3628 alio
854 3555 1039 3647 obnoxia,
1059 3558 1091 3629 si
1108 3576 1183 3653 par-

225 3938 269 4019 (1)
290 3944 328 3999 N·
343 3962 371 4019 9·
458 4056 462 4063 1
