2580 4514
161 377 224 424 nn.
251 375 309 423 111.
337 375 877 465 nruonmsvnurms,nr1sr.
904 382 1000 430 xmn.
1038 361 1104 435 125

119 513 181 560 non
194 476 311 559 modo
326 488 500 587 pluribus
512 490 749 580 earumdem,
767 508 809 564 ut
825 493 917 568 duas
930 497 1105 595 reliqum,

122 607 320 704 resperserit
329 657 345 695 ,Α
354 606 420 678 sed
436 632 533 705 pene
547 623 662 679 totam
681 635 739 725 ex(
746 611 791 682 iis
809 615 1102 688 concinnaverit.

128 723 378 796 Hucaccedunt
387 723 619 797 scholiorum
631 742 755 826 partes
768 753 846 799 non
864 732 984 803 solum
995 734 1040 825 in
1051 733 1105 804 di-

131 841 463 943 rersispectionibus
480 845 670 941 repetitae,
695 860 737 916 ut
761 846 866 943 quod
892 874 937 919 ex
957 848 1106 921 Graafio
1211 926 1214 931 ,

133 956 256 1056 ἰιιΧ(ι)
273 959 491 1050 exhibetur,
511 962 553 1033 in
570 965 638 1032 XII
657 961 727 1058 (a)
746 979 954 1062 repetatur,
979 968 1045 1039 sed
1065 970 1105 1039 in

133 1097 185 1146 ana
199 1077 308 1148 etiam
326 1076 534 1174 eademque
550 1079 738 1169 sectione,
759 1096 802 1152 ut
817 1097 909 1178 puta
923 1108 1013 1154 cum
1023 1087 1105 1155 inX

134 1205 233 1291 etquae
247 1219 293 1266 ex
312 1194 491 1283 Willisio,
517 1209 554 1267 et
572 1220 656 1293 quae
677 1223 721 1269 ex
739 1197 909 1269 Ballonio
931 1199 1107 1272 observa·

132 1309 200 1381 tioni
215 1315 279 1384 Vn
293 1310 568 1408 subjiciuntur,
585 1305 648 1383 illa
669 1314 709 1390 in
726 1314 936 1412 appendice
953 1314 1008 1414 (3)
1023 1342 1106 1413 quae

131 1424 402 1502 observationem
424 1431 594 1528 sequitur
609 1434 784 1522 xxvtll,
809 1431 888 1504 haec
906 1457 997 1505 vero
1017 1433 1107 1539 hpic

130 1547 185 1646 ipsi
194 1551 444 1625 observationi
469 1552 652 1623 continuo
672 1551 945 1624 adscribantur.
973 1559 1108 1625 Praete-

131 1686 193 1756 rea,
203 1695 245 1743 ne
257 1668 306 1742 ab
319 1668 450 1741 eadem
471 1654 687 1742 sectione'X
702 1669 941 1760 recedamus,
953 1686 1009 1743 tot
1021 1687 1110 1744 sunt

130 1805 192 1878 que
209 1787 252 1858 de
272 1788 467 1886 sanguinis
491 1783 742 1859 transfusione
764 1801 801 1858 et
824 1786 871 1860 de
896 1788 1107 1889 chirurgia,

131 1914 319 1994 utrocant,
335 1901 519 1976 infusoria
535 1903 681 2002 adjecta
701 1920 789 1977 sunt
808 1904 855 1977 ad
877 1902 1109 1979 observatio-

131 2040 195 2093 nem
209 2026 277 2110 VI,
299 2037 342 2094 ut
359 2017 540 2119 superent
558 2035 675 2093 totam
694 2023 899 2094 sectionem
912 2027 975 2094 IX.
996 2027 1110 2097 Deni-

130 2159 183 2233 (pte
192 2139 238 2212 ad
255 2139 528 2238 dysenteriam,
543 2138 590 2212 de'
609 2164 685 2237 qua
704 2141 884 2238 inscripta
894 2158 951 2214 est
962 2147 1014 2213 XI
1033 2167 1111 2214 sec-

128 2254 185 2347 tio,
205 2259 275 2330 illae
292 2257 464 2356 profecto
481 2282 562 2328 non
578 2258 741 2329 attinent
761 2260 973 2356 sanguineae
991 2260 1113 2355 dejec-

124 2372 225 2450 tiones
252 2401 333 2475 quae
355 2376 494 2448 vulnus
520 2377 595 2446 cito
616 2360 906 2473 corssequuntur
927 2376 1112 2448 inflictum

122 2494 315 2566 ventriculo
328 2508 392 2565 ant
408 2494 581 2590 jecinori.
606 2495 716 2566 Binas
736 2509 862 2565 tamen
890 2495 1017 2566 allatas
1037 2495 1113 2568 huc

119 2610 213 2706 tideo
239 2611 310 2685 sub
335 2637 439 2683 num.
460 2614 563 2684 XXV
585 2610 797 2684 istiusmodi
819 2610 1112 2685 observationes.

119 2727 279 2821 Quorum
298 2754 385 2801 cum
405 2722 499 2803 mihi
524 2729 662 2801 imitari
677 2729 771 2800 nihil
795 2728 923 2819 liceat,
939 2744 1116 2828 propter-

119 2872 152 2922 te
165 2825 242 2921 nec
260 2862 364 2919 tanta
379 2870 458 2919 esse
471 2871 600 2918 rerum
621 2847 730 2944 copia
742 2862 883 2945 potest,
902 2862 944 2918 ut
954 2864 1117 2944 nequeat

119 2992 182 3039 rna
199 2965 361 3065 epistola
382 2963 670 3062 comprehendi.
688 2946 770 3035 dlvi
798 2964 913 3060 igitur
932 2962 1118 3062 profluvia

119 3108 208 3157 nea
227 3109 312 3182 quae
327 3085 528 3161 incruenta
550 3097 658 3169 sunt,
682 3098 718 3153 et
737 3082 776 3152 in
795 3107 838 3152 ea
859 3107 941 3180 quae
964 3099 1119 3155 cruenta

119 3201 302 3290 lividens3
322 3201 369 3272 de
384 3202 518 3298 primis
528 3199 622 3273 duas
636 3202 824 3283 continuo
836 3197 1025 3297 proferam
1037 3201 1120 3274 Val·
1237 3266 1240 3277 .

119 3320 216 3392 alvae
231 3319 525 3392 ohservationes.

157 3465 193 3512 a.
219 3437 465 3526 Adolescens,
497 3437 558 3508 cui
579 3451 660 3508 toto
688 3435 772 3506 vitae
802 3437 923 3533 spatio
947 3436 1007 3508 vel
1033 3437 1121 3508 cuin

119 3557 261 3655 egregie
279 3556 439 3644 valeret,
463 3552 610 3626 lubrica
632 3553 736 3626 alvus
761 3551 907 3642 fuerat,
921 3552 969 3624 ad
986 3556 1122 3651 vigesi-

150 3770 196 3853 (ι)
216 3774 266 3832 sd
277 3775 343 3830 obs.
366 3771 413 3830 25.

150 3872 195 3951 (a)
216 3874 265 3932 Ad
278 3874 345 3932 obs.
361 3871 405 3930 15.

153 3970 197 4050 (3)
217 3978 281 4055 §.²-
