2580 4514
168 399 239 447 ms.
263 397 320 445 ιιι.
343 397 390 444 nn
410 393 545 442 nonnis
562 378 733 458 vaurms,
757 394 869 443 nrrsr.
891 398 1026 453 xxxvii.
1054 362 1122 473 4¹³2

119 510 244 615 picis,
262 510 300 579 in
316 507 391 578 hoc
401 531 561 623 guoque
573 505 718 604 hepatis
731 508 858 580 colore
873 508 1129 583 adolescentu-

119 627 204 727 lum
227 649 314 697 cum
329 623 506 714 Valsalrae
526 623 719 695 sacerdote
736 628 963 699 convenisse.
984 624 1129 699 Conve-

119 738 272 829 nerunt
292 756 416 813 autem
436 765 568 812 omnes
586 741 625 811 in
646 741 708 811 illa
723 742 860 814 mentis
872 741 1130 836 hebetudine,

120 861 245 960 quam
258 859 447 930 Ballonius
466 859 570 955 quasi
589 860 785 946 exstasim,
805 861 1060 933 Guarinonius
1079 863 1131 936 le·

119 969 212 1075 rem
227 976 507 1074 desipientiam,
524 977 768 1074 Hippocrates
782 991 930 1064 autem,
950 977 1009 1049 vel
1027 996 1128 1055 certe

121 1093 418 1199 praedictio'num
433 1091 505 1190 (ι),
526 1108 562 1164 et
577 1116 773 1164 coacarum
789 1095 1065 1192 praenotionum
1077 1096 1131 1195 (a)

123 1227 303 1286 auctores
314 1225 418 1311 ,espen
431 1209 846 1307 vocarunt,malamque
856 1235 934 1283 esse
944 1237 993 1300 ex
1002 1216 1131 1285 morbo

125 1335 232 1431 regio
255 1330 488 1412 docuerunt3
504 1330 728 1420 fatuitatem
758 1326 922 1404 reddunt
946 1329 1132 1428 interpre-

123 1460 211 1534 tes,
229 1461 268 1519 et
287 1446 359 1519 hos
380 1461 530 1519 secutus
550 1444 724 1544 Zacchias
744 1446 786 1515 in'
806 1445 1067 1530 observatione
1090 1448 1131 1521 id

128 1562 406 1654 confirmante,
430 1562 505 1634 huc
535 1563 574 1632 in
599 1561 885 1660 Sepulchretum
906 1563 975 1661 (3)
992 1564 1134 1638 ¹relata.

123 1667 242 1777 Quod
263 1683 293 1753 si
305 1695 348 1752 ut
365 1682 405 1751 in
423 1681 566 1751 cunctis
581 1679 653 1750 illis
671 1678 956 1770 convulsiones,
979 1682 1030 1752 ita
1054 1707 1133 1753 non

127 1801 174 1871 in
192 1801 338 1870 cunctis
350 1797 532 1870 furiosum
553 1797 724 1868 delirium
746 1795 837 1889 fuit;
854 1823 993 1897 nempe
1012 1800 1082 1872 alia
1093 1803 1134 1873 in

130 1896 219 1988 'aliis
236 1929 340 2003 aetas,
361 1931 630 2014 temperatura,
650 1929 687 1986 et
704 1914 898 2013 dispositio
916 1918 1135 2015 sanguinis,

130 2030 246 2121 bitis,
270 2047 306 2104 et
324 2034 511 2104 viscerum
537 2030 615 2102 fuit.
635 2033 693 2102 Sic
712 2033 752 2102 in
776 2032 964 2103 Cardinali
986 2034 1137 2132 sanguis

132 2147 322 2248 liquidus,
339 2164 377 2222 et
396 2150 491 2220 nihil
509 2173 666 2247 usquam
675 2148 995 2222 habensconcreti
1006 2153 1137 2221 inven-

130 2281 197 2340 tus
216 2282 288 2356 est,
309 2268 458 2366 qualem
486 2269 526 2337 in
546 2268 705 2338 ictericis
731 2265 809 2339 esse
838 2265 997 2339 affirmat
1022 2272 1136 2339 Boer-

132 2382 291 2457 harivius
308 2385 386 2483 (4),
413 2400 455 2457 ut
469 2410 519 2455 ex
536 2409 626 2458 vena
642 2391 771 2455 missus
789 2391 937 2482 minime
954 2401 1136 2482 cogatur:

131 2502 363 2576 invalsatvae
382 2517 506 2574 autem
525 2502 717 2574 sacerdote
737 2517 773 2573 et
790 2503 923 2573 missus
941 2524 1138 2599 concrevef

130 2633 213 2715 rat,
224 2635 468 2693 etconcretus
479 2622 518 2689 in
529 2620 654 2701 cordis
664 2618 882 2690 ventriculis
896 2616 986 2706 suit,
1004 2644 1137 2716 quam-

129 2735 268 2810 obrem
293 2740 391 2810 circa
412 2737 650 2810 stomachum
668 2737 887 2809 rubentium
906 2750 1138 2834 punctorum

132 2852 275 2944 forma,
293 2854 406 2927 ethic
423 2855 498 2926 illic
517 2880 586 2954 per
599 2870 769 2926 ventrem
791 2869 984 2952 stagnans,
1004 2852 1138 2924 multa-

130 2994 224 3044 rum
240 2972 392 3044 exilium
409 2973 672 3070 glandularum
683 2973 800 3044 instar
812 2996 893 3070 quae
903 2968 1139 3043 inflammatae

132 3104 273 3178 essent,
283 3091 475 3189 apparuit:
487 3086 695 3186 cujusmodi
707 3090 925 3186 sanguinem
935 3089 1139 3186 aliquando

130 3208 175 3279 in
195 3203 355 3278 aliorum
370 3209 609 3279 ictericorum
625 3207 739 3279 corde
758 3230 836 3278 esse
856 3205 903 3276 ab
922 3207 1140 3279 anatomicis

131 3310 438 3425 deprehensum,
449 3324 612 3397 indicata
622 3325 785 3396 Zacchiae
796 3324 1025 3412 observatio,
1038 3326 1141 3396 item·
