<?xml version="1.0" encoding="UTF-8"?>
<!DOCTYPE html PUBLIC "-//W3C//DTD XHTML 1.0 Transitional//EN"
    "http://www.w3.org/TR/xhtml1/DTD/xhtml1-transitional.dtd">
<html xmlns="http://www.w3.org/1999/xhtml" xml:lang="en" lang="en">
 <head>
  <title>
</title>
<meta http-equiv="Content-Type" content="text/html;charset=utf-8" />
  <meta name='ocr-system' content='tesseract 3.04.00' />
  <meta name='ocr-capabilities' content='ocr_page ocr_carea ocr_par ocr_line ocrx_word'/>
</head>
<body>
  <div class='ocr_page' id='page_1' title='image "./desedibusetcaus00adelgoog_0520.png"; bbox 0 0 2580 4514; ppageno 0'>
   <div class='ocr_carea' id='block_1_1' title="bbox 165 355 1122 439">
    <p class='ocr_par' dir='ltr' id='par_1_1' title="bbox 165 355 1122 439">
     <span class='ocr_line' id='line_1_1' title="bbox 165 355 1122 439; baseline 0.005 -15"><span class='ocrx_word' id='word_1_1' title='bbox 165 371 238 424; x_wconf 74' lang='lat' dir='ltr'><strong>tra.</strong></span> <span class='ocrx_word' id='word_1_2' title='bbox 261 378 318 424; x_wconf 90' lang='lat'><strong>111.</strong></span> <span class='ocrx_word' id='word_1_3' title='bbox 345 374 866 439; x_wconf 77' lang='lat' dir='ltr'><strong>bruonarsvnurars,ar1sr.</strong></span> <span class='ocrx_word' id='word_1_4' title='bbox 888 380 1024 425; x_wconf 83' lang='lat' dir='ltr'><strong>xxxvn.</strong></span> <span class='ocrx_word' id='word_1_5' title='bbox 1053 355 1122 429; x_wconf 79' lang='lat'><strong>525</strong></span> 
     </span>
    </p>
   </div>
   <div class='ocr_carea' id='block_1_2' title="bbox 118 490 1213 3408">
    <p class='ocr_par' dir='ltr' id='par_1_2' title="bbox 118 490 1213 2936">
     <span class='ocr_line' id='line_1_2' title="bbox 119 490 1123 588; baseline 0.004 -26"><span class='ocrx_word' id='word_1_6' title='bbox 119 517 273 564; x_wconf 88' lang='lat' dir='ltr'><strong>munem</strong></span> <span class='ocrx_word' id='word_1_7' title='bbox 305 490 461 562; x_wconf 88' lang='lat' dir='ltr'><strong>ductum</strong></span> <span class='ocrx_word' id='word_1_8' title='bbox 490 515 685 588; x_wconf 90' lang='lat' dir='ltr'><strong>permeare</strong></span> <span class='ocrx_word' id='word_1_9' title='bbox 720 492 889 588; x_wconf 86' lang='lat' dir='ltr'><strong>potuisse</strong></span> <span class='ocrx_word' id='word_1_10' title='bbox 916 518 995 565; x_wconf 86' lang='lat' dir='ltr'><strong>non</strong></span> <span class='ocrx_word' id='word_1_11' title='bbox 1022 494 1123 566; x_wconf 90' lang='lat' dir='ltr'><strong>vide·</strong></span> 
     </span>
     <span class='ocr_line' id='line_1_3' title="bbox 119 607 1125 708; baseline 0.005 -29"><span class='ocrx_word' id='word_1_12' title='bbox 119 624 261 680; x_wconf 88' lang='lat' dir='ltr'><strong>rentur.</strong></span> <span class='ocrx_word' id='word_1_13' title='bbox 282 612 424 679; x_wconf 87' lang='lat' dir='ltr'>Ieterus</span> <span class='ocrx_word' id='word_1_14' title='bbox 451 623 576 678; x_wconf 87' lang='lat' dir='ltr'><strong>tamen</strong></span> <span class='ocrx_word' id='word_1_15' title='bbox 600 607 738 678; x_wconf 87' lang='lat' dir='ltr'><strong>horum</strong></span> <span class='ocrx_word' id='word_1_16' title='bbox 764 623 1012 682; x_wconf 83' lang='lat' dir='ltr'><strong>antecesserat</strong></span> <span class='ocrx_word' id='word_1_17' title='bbox 1031 612 1125 708; x_wconf 88' lang='lat' dir='ltr'><strong>ejec-</strong></span> 
     </span>
     <span class='ocr_line' id='line_1_4' title="bbox 119 723 1123 827; baseline 0.003 -30"><span class='ocrx_word' id='word_1_18' title='bbox 119 728 287 827; x_wconf 80' lang='lat' dir='ltr'><strong>tionem,</strong></span> <span class='ocrx_word' id='word_1_19' title='bbox 302 741 338 795; x_wconf 90' lang='lat' dir='ltr'><strong>et</strong></span> <span class='ocrx_word' id='word_1_20' title='bbox 355 730 480 794; x_wconf 80' lang='lat' dir='ltr'><strong>statim</strong></span> <span class='ocrx_word' id='word_1_21' title='bbox 495 723 542 794; x_wconf 89' lang='lat' dir='ltr'><strong>ab</strong></span> <span class='ocrx_word' id='word_1_22' title='bbox 556 723 647 811; x_wconf 90' lang='lat' dir='ltr'><strong>bac,</strong></span> <span class='ocrx_word' id='word_1_23' title='bbox 666 724 769 821; x_wconf 90' lang='lat' dir='ltr'><strong>quod</strong></span> <span class='ocrx_word' id='word_1_24' title='bbox 784 728 993 823; x_wconf 90' lang='lat' dir='ltr'><strong>permirum</strong></span> <span class='ocrx_word' id='word_1_25' title='bbox 1004 729 1123 800; x_wconf 84' lang='lat' dir='ltr'><strong>videri</strong></span> 
     </span>
     <span class='ocr_line' id='line_1_5' title="bbox 119 825 1122 942; baseline 0.002 -28"><span class='ocrx_word' id='word_1_26' title='bbox 119 842 251 915; x_wconf 83' lang='lat' dir='ltr'><strong>debuit</strong></span> <span class='ocrx_word' id='word_1_27' title='bbox 279 825 559 914; x_wconf 86' lang='lat' dir='ltr'><strong>attendentibus</strong></span> <span class='ocrx_word' id='word_1_28' title='bbox 591 838 809 912; x_wconf 84' lang='lat' dir='ltr'><strong>Hoffmanni</strong></span> <span class='ocrx_word' id='word_1_29' title='bbox 842 846 1122 942; x_wconf 81' lang='lat' dir='ltr'>exceptionem,</span> 
     </span>
     <span class='ocr_line' id='line_1_6' title="bbox 119 958 1122 1061; baseline 0.005 -31"><span class='ocrx_word' id='word_1_30' title='bbox 119 959 235 1061; x_wconf 83' lang='lat' dir='ltr'><strong>paulo</strong></span> <span class='ocrx_word' id='word_1_31' title='bbox 248 975 333 1031; x_wconf 89' lang='lat' dir='ltr'><strong>ante</strong></span> <span class='ocrx_word' id='word_1_32' title='bbox 354 961 408 1058; x_wconf 89' lang='lat'><strong>(1)</strong></span> <span class='ocrx_word' id='word_1_33' title='bbox 428 975 695 1047; x_wconf 81' lang='lat' dir='ltr'><strong>memoratam,</strong></span> <span class='ocrx_word' id='word_1_34' title='bbox 714 958 883 1031; x_wconf 82' lang='lat' dir='ltr'><strong>sublatus</strong></span> <span class='ocrx_word' id='word_1_35' title='bbox 900 977 964 1033; x_wconf 86' lang='lat' dir='ltr'><strong>est.</strong></span> <span class='ocrx_word' id='word_1_36' title='bbox 980 964 1016 1032; x_wconf 93' lang='lat' dir='ltr'><strong>Si</strong></span> <span class='ocrx_word' id='word_1_37' title='bbox 1033 989 1122 1061; x_wconf 82' lang='lat' dir='ltr'><strong>ergo</strong></span> 
     </span>
     <span class='ocr_line' id='line_1_7' title="bbox 119 1075 1127 1175; baseline 0.002 -26"><span class='ocrx_word' id='word_1_38' title='bbox 119 1093 160 1149; x_wconf 91' lang='lat' dir='ltr'><strong>ut</strong></span> <span class='ocrx_word' id='word_1_39' title='bbox 174 1076 243 1147; x_wconf 91' lang='lat' dir='ltr'><strong>bili</strong></span> <span class='ocrx_word' id='word_1_40' title='bbox 262 1078 422 1166; x_wconf 81' lang='lat' dir='ltr'><strong>exitum,</strong></span> <span class='ocrx_word' id='word_1_41' title='bbox 445 1078 484 1146; x_wconf 90' lang='lat' dir='ltr'><strong>iu</strong></span> <span class='ocrx_word' id='word_1_42' title='bbox 505 1076 683 1165; x_wconf 82' lang='lat' dir='ltr'><strong>duodeno</strong></span> <span class='ocrx_word' id='word_1_43' title='bbox 708 1075 903 1148; x_wconf 86' lang='lat' dir='ltr'><strong>obstantes</strong></span> <span class='ocrx_word' id='word_1_44' title='bbox 930 1079 1127 1175; x_wconf 89' lang='lat' dir='ltr'><strong>praeclude-</strong></span> 
     </span>
     <span class='ocr_line' id='line_1_8' title="bbox 119 1193 1125 1291; baseline 0.001 -25"><span class='ocrx_word' id='word_1_45' title='bbox 119 1193 229 1280; x_wconf 89' lang='lat' dir='ltr'><strong>bant,</strong></span> <span class='ocrx_word' id='word_1_46' title='bbox 252 1195 302 1265; x_wconf 87' lang='lat' dir='ltr'><strong>ita</strong></span> <span class='ocrx_word' id='word_1_47' title='bbox 325 1193 411 1265; x_wconf 91' lang='lat' dir='ltr'><strong>bilis</strong></span> <span class='ocrx_word' id='word_1_48' title='bbox 435 1208 500 1264; x_wconf 89' lang='lat' dir='ltr'><strong>aut</strong></span> <span class='ocrx_word' id='word_1_49' title='bbox 524 1204 593 1291; x_wconf 87' lang='lat' dir='ltr'><strong>&#39;per</strong></span> <span class='ocrx_word' id='word_1_50' title='bbox 617 1218 654 1265; x_wconf 92' lang='lat' dir='ltr'><strong>se</strong></span> <span class='ocrx_word' id='word_1_51' title='bbox 676 1208 740 1264; x_wconf 87' lang='lat' dir='ltr'><strong>aut</strong></span> <span class='ocrx_word' id='word_1_52' title='bbox 761 1219 867 1264; x_wconf 87' lang='lat' dir='ltr'><strong>mora</strong></span> <span class='ocrx_word' id='word_1_53' title='bbox 890 1196 1012 1266; x_wconf 91' lang='lat' dir='ltr'><strong>aerior</strong></span> <span class='ocrx_word' id='word_1_54' title='bbox 1031 1193 1125 1267; x_wconf 83' lang='lat' dir='ltr'><strong>facta</strong></span> 
     </span>
     <span class='ocr_line' id='line_1_9' title="bbox 119 1308 1125 1409; baseline 0.002 -25"><span class='ocrx_word' id='word_1_55' title='bbox 119 1326 236 1396; x_wconf 87' lang='lat' dir='ltr'><strong>esset,</strong></span> <span class='ocrx_word' id='word_1_56' title='bbox 249 1326 312 1382; x_wconf 90' lang='lat' dir='ltr'><strong>aut</strong></span> <span class='ocrx_word' id='word_1_57' title='bbox 332 1311 403 1409; x_wconf 90' lang='lat' dir='ltr'><strong>ipsi</strong></span> <span class='ocrx_word' id='word_1_58' title='bbox 419 1310 650 1382; x_wconf 87' lang='lat' dir='ltr'><strong>acutioribus</strong></span> <span class='ocrx_word' id='word_1_59' title='bbox 665 1308 823 1382; x_wconf 82' lang='lat' dir='ltr'><strong>fuissent</strong></span> <span class='ocrx_word' id='word_1_60' title='bbox 835 1312 1001 1409; x_wconf 77' lang='lat' dir='ltr'><strong>angulis,</strong></span> <span class='ocrx_word' id='word_1_61' title='bbox 1020 1311 1125 1386; x_wconf 85' lang='lat' dir='ltr'><strong>facile</strong></span> 
     </span>
     <span class='ocr_line' id='line_1_10' title="bbox 119 1420 1126 1518; baseline 0 -18"><span class='ocrx_word' id='word_1_62' title='bbox 119 1429 246 1518; x_wconf 90' lang='lat' dir='ltr'><strong>vides,</strong></span> <span class='ocrx_word' id='word_1_63' title='bbox 263 1454 343 1501; x_wconf 92' lang='lat' dir='ltr'><strong>non</strong></span> <span class='ocrx_word' id='word_1_64' title='bbox 358 1420 473 1500; x_wconf 81' lang='lat' dir='ltr'><strong>mod‘o</strong></span> <span class='ocrx_word' id='word_1_65' title='bbox 494 1430 672 1516; x_wconf 89' lang='lat' dir='ltr'><strong>ieterum,</strong></span> <span class='ocrx_word' id='word_1_66' title='bbox 690 1429 754 1500; x_wconf 93' lang='lat' dir='ltr'><strong>sed</strong></span> <span class='ocrx_word' id='word_1_67' title='bbox 773 1444 809 1500; x_wconf 90' lang='lat' dir='ltr'><strong>et</strong></span> <span class='ocrx_word' id='word_1_68' title='bbox 830 1429 981 1502; x_wconf 89' lang='lat' dir='ltr'><strong>dolores</strong></span> <span class='ocrx_word' id='word_1_69' title='bbox 1000 1456 1020 1502; x_wconf 89' lang='lat' dir='ltr'><strong>a</strong></span> <span class='ocrx_word' id='word_1_70' title='bbox 1038 1431 1126 1502; x_wconf 83' lang='lat' dir='ltr'><strong>dex-</strong></span> 
     </span>
     <span class='ocr_line' id='line_1_11' title="bbox 118 1545 1126 1646; baseline -0.002 -26"><span class='ocrx_word' id='word_1_71' title='bbox 118 1548 190 1620; x_wconf 84' lang='lat' dir='ltr'><strong>tris</strong></span> <span class='ocrx_word' id='word_1_72' title='bbox 216 1561 253 1618; x_wconf 88' lang='lat' dir='ltr'><strong>et</strong></span> <span class='ocrx_word' id='word_1_73' title='bbox 273 1572 356 1644; x_wconf 84' lang='lat' dir='ltr'><strong>quae</strong></span> <span class='ocrx_word' id='word_1_74' title='bbox 377 1545 447 1616; x_wconf 92' lang='lat' dir='ltr'><strong>hos</strong></span> <span class='ocrx_word' id='word_1_75' title='bbox 472 1545 543 1615; x_wconf 88' lang='lat' dir='ltr'><strong>alia</strong></span> <span class='ocrx_word' id='word_1_76' title='bbox 564 1561 868 1642; x_wconf 90' lang='lat' dir='ltr'><strong>consequuntur,</strong></span> <span class='ocrx_word' id='word_1_77' title='bbox 895 1550 1031 1646; x_wconf 87' lang='lat' dir='ltr'><strong>praevia</strong></span> <span class='ocrx_word' id='word_1_78' title='bbox 1060 1547 1126 1618; x_wconf 89' lang='lat' dir='ltr'><strong>ha·</strong></span> 
     </span>
     <span class='ocr_line' id='line_1_12' title="bbox 119 1662 1126 1762; baseline 0 -25"><span class='ocrx_word' id='word_1_79' title='bbox 119 1663 234 1753; x_wconf 89' lang='lat' dir='ltr'><strong>bere,</strong></span> <span class='ocrx_word' id='word_1_80' title='bbox 253 1680 290 1735; x_wconf 92' lang='lat' dir='ltr'><strong>et</strong></span> <span class='ocrx_word' id='word_1_81' title='bbox 307 1687 372 1737; x_wconf 88' lang='lat' dir='ltr'><strong>sua</strong></span> <span class='ocrx_word' id='word_1_82' title='bbox 386 1662 568 1758; x_wconf 87' lang='lat' dir='ltr'><strong>ejectione</strong></span> <span class='ocrx_word' id='word_1_83' title='bbox 587 1663 698 1735; x_wconf 85' lang='lat' dir='ltr'><strong>etiam</strong></span> <span class='ocrx_word' id='word_1_84' title='bbox 715 1664 847 1736; x_wconf 89' lang='lat' dir='ltr'><strong>tollere</strong></span> <span class='ocrx_word' id='word_1_85' title='bbox 861 1663 1038 1762; x_wconf 88' lang='lat' dir='ltr'><strong>potuisse.</strong></span> <span class='ocrx_word' id='word_1_86' title='bbox 1053 1670 1126 1737; x_wconf 85' lang='lat' dir='ltr'><strong>Ve-</strong></span> 
     </span>
     <span class='ocr_line' id='line_1_13' title="bbox 119 1780 1124 1882; baseline 0 -27"><span class='ocrx_word' id='word_1_87' title='bbox 119 1808 208 1855; x_wconf 87' lang='lat' dir='ltr'><strong>rum</strong></span> <span class='ocrx_word' id='word_1_88' title='bbox 237 1781 299 1852; x_wconf 87' lang='lat' dir='ltr'><strong>illa</strong></span> <span class='ocrx_word' id='word_1_89' title='bbox 326 1781 437 1853; x_wconf 91' lang='lat' dir='ltr'><strong>simul</strong></span> <span class='ocrx_word' id='word_1_90' title='bbox 456 1780 637 1878; x_wconf 84' lang='lat' dir='ltr'><strong>conjungi</strong></span> <span class='ocrx_word' id='word_1_91' title='bbox 658 1781 835 1879; x_wconf 91' lang='lat' dir='ltr'><strong>possibile</strong></span> <span class='ocrx_word' id='word_1_92' title='bbox 864 1785 981 1881; x_wconf 81' lang='lat' dir='ltr'><strong>magis</strong></span> <span class='ocrx_word' id='word_1_93' title='bbox 1012 1810 1124 1882; x_wconf 90' lang='lat' dir='ltr'><strong>quam</strong></span> 
     </span>
     <span class='ocr_line' id='line_1_14' title="bbox 119 1890 1125 2001; baseline 0.001 -28"><span class='ocrx_word' id='word_1_94' title='bbox 119 1899 301 1998; x_wconf 79' lang='lat' dir='ltr'><strong>frequens</strong></span> <span class='ocrx_word' id='word_1_95' title='bbox 319 1913 374 1970; x_wconf 92' lang='lat' dir='ltr'><strong>est</strong></span> <span class='ocrx_word' id='word_1_96' title='bbox 394 1924 402 1967; x_wconf 93' lang='lat'><strong>:</strong></span> <span class='ocrx_word' id='word_1_97' title='bbox 425 1914 460 1969; x_wconf 93' lang='lat' dir='ltr'><strong>et</strong></span> <span class='ocrx_word' id='word_1_98' title='bbox 475 1899 571 1968; x_wconf 90' lang='lat' dir='ltr'><strong>nulli</strong></span> <span class='ocrx_word' id='word_1_99' title='bbox 588 1890 626 1968; x_wconf 83' lang='lat' dir='ltr'><strong>in</strong></span> <span class='ocrx_word' id='word_1_100' title='bbox 648 1901 842 1997; x_wconf 86' lang='lat' dir='ltr'><strong>proposita</strong></span> <span class='ocrx_word' id='word_1_101' title='bbox 864 1901 1125 2001; x_wconf 87' lang='lat' dir='ltr'><strong>observatione</strong></span> 
     </span>
     <span class='ocr_line' id='line_1_15' title="bbox 119 2015 1124 2118; baseline 0.002 -30"><span class='ocrx_word' id='word_1_102' title='bbox 119 2017 352 2118; x_wconf 81' lang='lat' dir='ltr'><strong>proegressia</strong></span> <span class='ocrx_word' id='word_1_103' title='bbox 378 2015 517 2087; x_wconf 81' lang='lat' dir='ltr'><strong>dextris</strong></span> <span class='ocrx_word' id='word_1_104' title='bbox 544 2015 696 2087; x_wconf 89' lang='lat' dir='ltr'><strong>dolores</strong></span> <span class='ocrx_word' id='word_1_105' title='bbox 724 2018 809 2087; x_wconf 84' lang='lat' dir='ltr'><strong>satis</strong></span> <span class='ocrx_word' id='word_1_106' title='bbox 837 2034 987 2089; x_wconf 89' lang='lat' dir='ltr'><strong>cautum</strong></span> <span class='ocrx_word' id='word_1_107' title='bbox 1008 2019 1124 2091; x_wconf 91' lang='lat' dir='ltr'><strong>medi-</strong></span> 
     </span>
     <span class='ocr_line' id='line_1_16' title="bbox 119 2130 1127 2230; baseline -0.002 -22"><span class='ocrx_word' id='word_1_108' title='bbox 119 2159 209 2208; x_wconf 88' lang='lat' dir='ltr'><strong>cum</strong></span> <span class='ocrx_word' id='word_1_109' title='bbox 241 2130 361 2204; x_wconf 82' lang='lat' dir='ltr'><strong>facere</strong></span> <span class='ocrx_word' id='word_1_110' title='bbox 392 2133 613 2230; x_wconf 88' lang='lat' dir='ltr'><strong>potuissent.</strong></span> <span class='ocrx_word' id='word_1_111' title='bbox 643 2134 816 2220; x_wconf 89' lang='lat' dir='ltr'><strong>Quorum</strong></span> <span class='ocrx_word' id='word_1_112' title='bbox 846 2149 909 2203; x_wconf 91' lang='lat' dir='ltr'><strong>aut</strong></span> <span class='ocrx_word' id='word_1_113' title='bbox 937 2137 1063 2225; x_wconf 87' lang='lat' dir='ltr'><strong>ieteri,</strong></span> <span class='ocrx_word' id='word_1_114' title='bbox 1090 2151 1127 2206; x_wconf 91' lang='lat' dir='ltr'><strong>et</strong></span> 
     </span>
     <span class='ocr_line' id='line_1_17' title="bbox 119 2246 1122 2359; baseline -0.001 -36"><span class='ocrx_word' id='word_1_115' title='bbox 119 2252 240 2349; x_wconf 86' lang='lat' dir='ltr'><strong>magis</strong></span> <span class='ocrx_word' id='word_1_116' title='bbox 255 2264 506 2359; x_wconf 85' lang='lat' dir='ltr'><strong>utrorumque</strong></span> <span class='ocrx_word' id='word_1_117' title='bbox 533 2246 702 2319; x_wconf 84' lang='lat' dir='ltr'><strong>absentia</strong></span> <span class='ocrx_word' id='word_1_118' title='bbox 727 2263 876 2320; x_wconf 88' lang='lat' dir='ltr'><strong>cautum</strong></span> <span class='ocrx_word' id='word_1_119' title='bbox 907 2252 1047 2348; x_wconf 90' lang='lat' dir='ltr'><strong>pariter</strong></span> <span class='ocrx_word' id='word_1_120' title='bbox 1073 2251 1122 2322; x_wconf 89' lang='lat' dir='ltr'><strong>fa-</strong></span> 
     </span>
     <span class='ocr_line' id='line_1_18' title="bbox 119 2363 1126 2463; baseline -0.003 -22"><span class='ocrx_word' id='word_1_121' title='bbox 119 2393 210 2442; x_wconf 85' lang='lat' dir='ltr'><strong>cere</strong></span> <span class='ocrx_word' id='word_1_122' title='bbox 237 2365 369 2452; x_wconf 90' lang='lat' dir='ltr'><strong>debet,</strong></span> <span class='ocrx_word' id='word_1_123' title='bbox 392 2363 459 2436; x_wconf 91' lang='lat' dir='ltr'><strong>ubi</strong></span> <span class='ocrx_word' id='word_1_124' title='bbox 485 2364 618 2457; x_wconf 86' lang='lat' dir='ltr'><strong>calculi</strong></span> <span class='ocrx_word' id='word_1_125' title='bbox 640 2365 705 2460; x_wconf 91' lang='lat' dir='ltr'><strong>qui</strong></span> <span class='ocrx_word' id='word_1_126' title='bbox 724 2365 852 2461; x_wconf 70' lang='lat' dir='ltr'><strong>cystici</strong></span> <span class='ocrx_word' id='word_1_127' title='bbox 880 2367 1048 2463; x_wconf 88' lang='lat' dir='ltr'><strong>alioquin</strong></span> <span class='ocrx_word' id='word_1_128' title='bbox 1076 2371 1126 2438; x_wconf 89' lang='lat' dir='ltr'><strong>vi-</strong></span> 
     </span>
     <span class='ocr_line' id='line_1_19' title="bbox 119 2481 1124 2582; baseline -0.001 -25"><span class='ocrx_word' id='word_1_129' title='bbox 119 2484 204 2557; x_wconf 89' lang='lat' dir='ltr'><strong>deri</strong></span> <span class='ocrx_word' id='word_1_130' title='bbox 215 2498 389 2582; x_wconf 88' lang='lat' dir='ltr'><strong>possent,</strong></span> <span class='ocrx_word' id='word_1_131' title='bbox 405 2509 449 2554; x_wconf 83' lang='lat' dir='ltr'><strong>ex</strong></span> <span class='ocrx_word' id='word_1_132' title='bbox 459 2482 543 2553; x_wconf 86' lang='lat' dir='ltr'><strong>alvo</strong></span> <span class='ocrx_word' id='word_1_133' title='bbox 556 2481 800 2577; x_wconf 88' lang='lat' dir='ltr'><strong>dejiciuntur,</strong></span> <span class='ocrx_word' id='word_1_134' title='bbox 816 2483 918 2552; x_wconf 88' lang='lat' dir='ltr'><strong>velut</strong></span> <span class='ocrx_word' id='word_1_135' title='bbox 933 2486 972 2552; x_wconf 92' lang='lat' dir='ltr'><strong>in</strong></span> <span class='ocrx_word' id='word_1_136' title='bbox 987 2485 1030 2554; x_wconf 89' lang='lat' dir='ltr'><strong>iis</strong></span> <span class='ocrx_word' id='word_1_137' title='bbox 1043 2511 1124 2582; x_wconf 84' lang='lat' dir='ltr'><strong>quae</strong></span> 
     </span>
     <span class='ocr_line' id='line_1_20' title="bbox 119 2599 1125 2704; baseline -0.003 -29"><span class='ocrx_word' id='word_1_138' title='bbox 119 2604 295 2704; x_wconf 87' lang='lat' dir='ltr'><strong>protinus</strong></span> <span class='ocrx_word' id='word_1_139' title='bbox 310 2599 581 2672; x_wconf 86' lang='lat' dir='ltr'><strong>indicabuntur</strong></span> <span class='ocrx_word' id='word_1_140' title='bbox 600 2599 788 2698; x_wconf 88' lang='lat' dir='ltr'><strong>exemplis.</strong></span> <span class='ocrx_word' id='word_1_141' title='bbox 807 2605 852 2670; x_wconf 78' lang='lat' dir='ltr'><strong>Et</strong></span> <span class='ocrx_word' id='word_1_142' title='bbox 870 2603 1035 2696; x_wconf 90' lang='lat' dir='ltr'><strong>primum</strong></span> <span class='ocrx_word' id='word_1_143' title='bbox 1052 2602 1125 2673; x_wconf 88' lang='lat' dir='ltr'><strong>cal-</strong></span> 
     </span>
     <span class='ocr_line' id='line_1_21' title="bbox 119 2716 1213 2817; baseline -0.005 -22"><span class='ocrx_word' id='word_1_144' title='bbox 119 2721 199 2795; x_wconf 90' lang='lat' dir='ltr'><strong>culi</strong></span> <span class='ocrx_word' id='word_1_145' title='bbox 220 2735 295 2791; x_wconf 91' lang='lat' dir='ltr'><strong>tres</strong></span> <span class='ocrx_word' id='word_1_146' title='bbox 315 2719 368 2817; x_wconf 80' lang='lat' dir='ltr'><strong>(a)</strong></span> <span class='ocrx_word' id='word_1_147' title='bbox 395 2719 449 2816; x_wconf 83' lang='lat'><strong>(3)</strong></span> <span class='ocrx_word' id='word_1_148' title='bbox 471 2717 525 2816; x_wconf 73' lang='lat' dir='ltr'><strong>(dl</strong></span> <span class='ocrx_word' id='word_1_149' title='bbox 551 2716 685 2812; x_wconf 84' lang='lat' dir='ltr'><strong>dejecti</strong></span> <span class='ocrx_word' id='word_1_150' title='bbox 713 2734 937 2807; x_wconf 90' lang='lat' dir='ltr'><strong>occurrunt,</strong></span> <span class='ocrx_word' id='word_1_151' title='bbox 962 2744 1125 2815; x_wconf 93' lang='lat' dir='ltr'><strong>quorum</strong></span> <span class='ocrx_word' id='word_1_152' title='bbox 1211 2725 1213 2728; x_wconf 48' lang='lat'><em>⁴</em></span> 
     </span>
     <span class='ocr_line' id='line_1_22' title="bbox 119 2832 1152 2936; baseline 0 -25"><span class='ocrx_word' id='word_1_153' title='bbox 119 2840 201 2912; x_wconf 87' lang='lat' dir='ltr'><strong>sive</strong></span> <span class='ocrx_word' id='word_1_154' title='bbox 219 2835 410 2936; x_wconf 83' lang='lat' dir='ltr'><strong>globosam</strong></span> <span class='ocrx_word' id='word_1_155' title='bbox 425 2850 489 2906; x_wconf 87' lang='lat' dir='ltr'><strong>aut</strong></span> <span class='ocrx_word' id='word_1_156' title='bbox 508 2834 652 2906; x_wconf 88' lang='lat' dir='ltr'><strong>ovalem</strong></span> <span class='ocrx_word' id='word_1_157' title='bbox 672 2832 853 2932; x_wconf 86' lang='lat' dir='ltr'><strong>figuram,</strong></span> <span class='ocrx_word' id='word_1_158' title='bbox 871 2839 947 2908; x_wconf 84' lang='lat' dir='ltr'><strong>sive</strong></span> <span class='ocrx_word' id='word_1_159' title='bbox 960 2837 1128 2911; x_wconf 89' lang='lat' dir='ltr'><strong>colorem</strong></span> <span class='ocrx_word' id='word_1_160' title='bbox 1150 2838 1152 2845; x_wconf 79' lang='grc'><strong>’</strong></span> 
     </span>
    </p>

    <p class='ocr_par' dir='ltr' id='par_1_3' title="bbox 119 2949 1194 3408">
     <span class='ocr_line' id='line_1_23' title="bbox 120 2949 1127 3050; baseline 0 -22"><span class='ocrx_word' id='word_1_161' title='bbox 120 2956 347 3028; x_wconf 83' lang='lat' dir='ltr'><strong>exteriorem</strong></span> <span class='ocrx_word' id='word_1_162' title='bbox 372 2969 435 3025; x_wconf 89' lang='lat' dir='ltr'><strong>aut</strong></span> <span class='ocrx_word' id='word_1_163' title='bbox 455 2953 699 3040; x_wconf 89' lang='lat' dir='ltr'><strong>interiorem,</strong></span> <span class='ocrx_word' id='word_1_164' title='bbox 727 2969 764 3023; x_wconf 91' lang='lat' dir='ltr'><strong>et</strong></span> <span class='ocrx_word' id='word_1_165' title='bbox 790 2953 858 3022; x_wconf 89' lang='lat' dir='ltr'><strong>alia</strong></span> <span class='ocrx_word' id='word_1_166' title='bbox 885 2949 1053 3050; x_wconf 82' lang='lat' dir='ltr'><strong>quaedam</strong></span> <span class='ocrx_word' id='word_1_167' title='bbox 1074 2971 1127 3028; x_wconf 87' lang='lat' dir='ltr'><strong>at·</strong></span> 
     </span>
     <span class='ocr_line' id='line_1_24' title="bbox 119 3068 1126 3173; baseline -0.001 -27"><span class='ocrx_word' id='word_1_168' title='bbox 119 3073 274 3162; x_wconf 89' lang='lat' dir='ltr'><strong>tendas;</strong></span> <span class='ocrx_word' id='word_1_169' title='bbox 301 3095 379 3142; x_wconf 90' lang='lat' dir='ltr'><strong>non</strong></span> <span class='ocrx_word' id='word_1_170' title='bbox 408 3068 515 3142; x_wconf 85' lang='lat' dir='ltr'><strong>facile</strong></span> <span class='ocrx_word' id='word_1_171' title='bbox 547 3095 731 3169; x_wconf 87' lang='lat' dir='ltr'><strong>perneges</strong></span> <span class='ocrx_word' id='word_1_172' title='bbox 761 3072 918 3168; x_wconf 87' lang='lat' dir='ltr'><strong>cystieos</strong></span> <span class='ocrx_word' id='word_1_173' title='bbox 947 3097 1026 3173; x_wconf 80' lang='lat' dir='ltr'><strong>esse</strong></span> <span class='ocrx_word' id='word_1_174' title='bbox 1056 3099 1126 3172; x_wconf 92' lang='lat' dir='ltr'><strong>po-</strong></span> 
     </span>
     <span class='ocr_line' id='line_1_25' title="bbox 119 3187 1194 3289; baseline -0.004 -23"><span class='ocrx_word' id='word_1_175' title='bbox 119 3193 257 3278; x_wconf 87' lang='lat' dir='ltr'><strong>tuisse,</strong></span> <span class='ocrx_word' id='word_1_176' title='bbox 286 3190 489 3289; x_wconf 84' lang='lat' dir='ltr'><strong>praesertim</strong></span> <span class='ocrx_word' id='word_1_177' title='bbox 524 3188 553 3258; x_wconf 90' lang='lat' dir='ltr'><strong>si</strong></span> <span class='ocrx_word' id='word_1_178' title='bbox 579 3187 784 3258; x_wconf 91' lang='lat' dir='ltr'><strong>nonnullos</strong></span> <span class='ocrx_word' id='word_1_179' title='bbox 812 3189 850 3256; x_wconf 88' lang='lat' dir='ltr'><strong>in</strong></span> <span class='ocrx_word' id='word_1_180' title='bbox 876 3188 1037 3260; x_wconf 87' lang='lat' dir='ltr'><strong>vesicula</strong></span> <span class='ocrx_word' id='word_1_181' title='bbox 1061 3193 1129 3262; x_wconf 88' lang='lat' dir='ltr'><strong>ali·</strong></span> <span class='ocrx_word' id='word_1_182' title='bbox 1192 3271 1194 3274; x_wconf 11' lang='grc' dir='ltr'><em>Α</em></span> 
     </span>
     <span class='ocr_line' id='line_1_26' title="bbox 119 3303 1128 3408; baseline 0 -28"><span class='ocrx_word' id='word_1_183' title='bbox 119 3305 278 3408; x_wconf 85' lang='lat' dir='ltr'><strong>quando</strong></span> <span class='ocrx_word' id='word_1_184' title='bbox 302 3321 471 3403; x_wconf 89' lang='lat' dir='ltr'><strong>repertos</strong></span> <span class='ocrx_word' id='word_1_185' title='bbox 491 3318 569 3375; x_wconf 85' lang='lat' dir='ltr'><strong>esse</strong></span> <span class='ocrx_word' id='word_1_186' title='bbox 591 3307 738 3373; x_wconf 86' lang='lat' dir='ltr'><strong>nonita</strong></span> <span class='ocrx_word' id='word_1_187' title='bbox 758 3303 974 3393; x_wconf 87' lang='lat' dir='ltr'><strong>dissimiles,</strong></span> <span class='ocrx_word' id='word_1_188' title='bbox 1001 3332 1128 3379; x_wconf 89' lang='lat' dir='ltr'><strong>recor·</strong></span> 
     </span>
    </p>
   </div>
   <div class='ocr_carea' id='block_1_3' title="bbox 121 3500 1128 3532">
    <p class='ocr_par' dir='ltr' id='par_1_4' title="bbox 121 3500 1128 3532">
     <span class='ocr_line' id='line_1_27' title="bbox 121 3500 1128 3532; baseline 0 -10"><span class='ocrx_word' id='word_1_189' title='bbox 121 3500 1128 3532; x_wconf 49' lang='lat' dir='ltr'><strong>„mm</strong></span> 
     </span>
    </p>
   </div>
   <div class='ocr_carea' id='block_1_4' title="bbox 162 3624 900 3909">
    <p class='ocr_par' dir='ltr' id='par_1_5' title="bbox 162 3624 900 3909">
     <span class='ocr_line' id='line_1_28' title="bbox 233 3628 342 3682; baseline -0.037 0"><span class='ocrx_word' id='word_1_190' title='bbox 233 3628 271 3682; x_wconf 87' lang='lat' dir='ltr'><strong>N.</strong></span> <span class='ocrx_word' id='word_1_191' title='bbox 336 3664 342 3678; x_wconf 94' lang='lat'><strong>.</strong></span> 
     </span>
     <span class='ocr_line' id='line_1_29' title="bbox 162 3624 900 3804; baseline -0.022 -19"><span class='ocrx_word' id='word_1_192' title='bbox 162 3624 211 3804; x_wconf 64' lang='lat' dir='ltr'><strong>leil</strong></span> <span class='ocrx_word' id='word_1_193' title='bbox 230 3632 393 3782; x_wconf 74' lang='lat' dir='ltr'><strong>Caniniam.</strong></span> <span class='ocrx_word' id='word_1_194' title='bbox 408 3721 465 3778; x_wconf 89' lang='lat' dir='ltr'><strong>litt.</strong></span> <span class='ocrx_word' id='word_1_195' title='bbox 477 3739 526 3775; x_wconf 88' lang='lat' dir='ltr'><strong>au.</strong></span> <span class='ocrx_word' id='word_1_196' title='bbox 542 3724 635 3790; x_wconf 74' lang='lat'><strong>1740,</strong></span> <span class='ocrx_word' id='word_1_197' title='bbox 651 3719 741 3776; x_wconf 84' lang='lat' dir='ltr'><strong>hebd.</strong></span> <span class='ocrx_word' id='word_1_198' title='bbox 757 3739 809 3795; x_wconf 89' lang='lat'><strong>19,</strong></span> <span class='ocrx_word' id='word_1_199' title='bbox 825 3739 857 3775; x_wconf 88' lang='lat' dir='ltr'><strong>n.</strong></span> <span class='ocrx_word' id='word_1_200' title='bbox 871 3732 900 3777; x_wconf 66' lang='grc' dir='ltr'><strong>α.</strong></span> 
     </span>
     <span class='ocr_line' id='line_1_30' title="bbox 163 3819 791 3909; baseline -0.024 -24"><span class='ocrx_word' id='word_1_201' title='bbox 163 3823 208 3909; x_wconf 84' lang='lat'><strong>(3)</strong></span> <span class='ocrx_word' id='word_1_202' title='bbox 230 3827 305 3900; x_wconf 89' lang='lat' dir='ltr'><strong>Eph.</strong></span> <span class='ocrx_word' id='word_1_203' title='bbox 321 3825 359 3880; x_wconf 88' lang='lat' dir='ltr'><strong>N.</strong></span> <span class='ocrx_word' id='word_1_204' title='bbox 373 3824 406 3878; x_wconf 90' lang='lat' dir='ltr'><strong>C.</strong></span> <span class='ocrx_word' id='word_1_205' title='bbox 420 3822 483 3877; x_wconf 89' lang='lat' dir='ltr'><strong>dec.</strong></span> <span class='ocrx_word' id='word_1_206' title='bbox 499 3822 533 3890; x_wconf 81' lang='lat'><strong>3,</strong></span> <span class='ocrx_word' id='word_1_207' title='bbox 547 3822 584 3875; x_wconf 84' lang='grc' dir='ltr'><strong>Α.</strong></span> <span class='ocrx_word' id='word_1_208' title='bbox 601 3820 636 3890; x_wconf 85' lang='lat'><strong>3,</strong></span> <span class='ocrx_word' id='word_1_209' title='bbox 654 3819 721 3876; x_wconf 80' lang='lat' dir='ltr'><strong>obs.</strong></span> <span class='ocrx_word' id='word_1_210' title='bbox 741 3834 791 3878; x_wconf 70' lang='grc' dir='ltr'><strong>αι.</strong></span> 
     </span>
    </p>
   </div>
   <div class='ocr_carea' id='block_1_5' title="bbox 166 3921 697 4007">
    <p class='ocr_par' dir='ltr' id='par_1_6' title="bbox 166 3921 697 4007">
     <span class='ocr_line' id='line_1_31' title="bbox 166 3921 697 4007; baseline -0.013 -25"><span class='ocrx_word' id='word_1_211' title='bbox 166 3923 211 4007; x_wconf 67' lang='lat' dir='ltr'><strong>(t)</strong></span> <span class='ocrx_word' id='word_1_212' title='bbox 233 3929 299 3983; x_wconf 77' lang='lat' dir='ltr'><strong>Act.</strong></span> <span class='ocrx_word' id='word_1_213' title='bbox 318 3925 355 3980; x_wconf 87' lang='lat' dir='ltr'><strong>N.</strong></span> <span class='ocrx_word' id='word_1_214' title='bbox 370 3925 402 3980; x_wconf 89' lang='lat' dir='ltr'><strong>C.</strong></span> <span class='ocrx_word' id='word_1_215' title='bbox 418 3933 488 3982; x_wconf 86' lang='lat' dir='ltr'><strong>tom.</strong></span> <span class='ocrx_word' id='word_1_216' title='bbox 504 3940 531 3991; x_wconf 89' lang='lat'><strong>7,</strong></span> <span class='ocrx_word' id='word_1_217' title='bbox 545 3921 609 3977; x_wconf 89' lang='lat' dir='ltr'><strong>obs.</strong></span> <span class='ocrx_word' id='word_1_218' title='bbox 631 3937 697 3978; x_wconf 86' lang='lat'><strong>100.</strong></span> 
     </span>
    </p>
   </div>
   <div class='ocr_carea' id='block_1_6' title="bbox 0 0 1296 4514">
    <p class='ocr_par' dir='ltr' id='par_1_7' title="bbox 0 0 1296 4514">
     <span class='ocr_line' id='line_1_32' title="bbox 0 0 1296 4514; baseline 0 0"><span class='ocrx_word' id='word_1_219' title='bbox 0 0 1296 4514; x_wconf 95' lang='lat' dir='ltr'><strong> </strong></span> 
     </span>
    </p>
   </div>
  </div>
 </body>
</html>
