2580 4514
133 385 200 474 148
296 405 342 455 ue
368 406 513 456 sturnus
538 408 581 454 m
606 402 730 454 causts
754 408 964 456 uonnoauu
1045 396 1048 405 '

127 542 227 620 saepe
256 520 435 591 duntaxat
461 544 498 591 se
515 518 656 590 'vidisse
687 519 882 594 tradiderit
910 521 976 618 (1).
998 518 1109 613 Quod,

127 639 158 710 si
178 653 294 708 totam
310 637 408 708 hanc
424 637 627 709 sectionem
645 639 896 725 excutiamus,
915 638 964 709 ab
978 638 1056 710 aliis
1071 661 1111 708 se·

124 754 200 824 mel
211 753 457 825 ‘observatum
474 751 696 824 videbimus.
715 758 823 826 Unus
838 755 940 826 enim
956 759 1114 826 Comme·

125 893 198 940 nus
221 868 275 965 (a)
293 870 332 938 in
353 867 489 940 femina
501 868 723 958 folliculum
733 868 843 960 fellis
864 876 1070 966 maximum
1088 883 1117 939 et

123 984 197 1058 bile
212 986 489 1086 repletissimum
507 984 778 1057 animadvertit.
792 989 885 1058 Nam
894 989 1050 1059 Bontius
1061 985 1119 1083 (3),

124 1118 162 1173 et
191 1102 449 1197 Lamonjerins
479 1099 534 1197 (4)
561 1099 765 1172 distentum
792 1103 946 1199 quidem
976 1105 1119 1175 invene·

100 1283 103 1287 .
122 1235 229 1308 runt3
247 1218 312 1291 sed
328 1218 388 1290 hic
400 1243 509 1315 pure,
524 1217 588 1287 ille
603 1216 691 1288 'albo
704 1217 865 1290 humore
882 1225 1004 1291 instar
1008 1221 1120 1320 pultis

123 1363 172 1410 ex
188 1335 331 1428 amyl0,
349 1350 391 1406 ut
410 1335 492 1406 bilis
509 1359 556 1404 ue
571 1337 765 1431 uestigium
786 1336 940 1433 quidem
961 1338 1121 1410 relictum

122 1469 234 1540 esset‚·
252 1478 338 1524 cum
352 1451 535 1549 Spigelius
554 1476 575 1522 a
590 1457 700 1547 copia
717 1453 800 1524 bilis
817 1478 892 1550 qua
913 1455 1121 1554 impleatur,

121 1571 217 1644 adeo
241 1569 423 1668 grandem
442 1568 673 1641 indicaverit.
690 1569 762 1640 Sed
782 1572 1001 1645 Franciscus
1015 1575 1121 1646 Plate-

122 1713 189 1787 rus
210 1686 264 1784 (5)
282 1713 360 1757 non
382 1685 497 1758 modo
511 1685 587 1757 hile
607 1711 686 1758 non
705 1687 925 1776 distentum,
943 1705 987 1760 ut
1006 1715 1123 1789 neque

124 1808 188 1879 alii
198 1805 387 1890 videntur,
395 1806 464 1902 qui
472 1805 594 1892 silent,
603 1804 667 1876 sed
670 1804 790 1904 plane
801 1810 1121 1895 vacuumbinvenit.

124 1928 243 1995 Porro
260 1947 355 2021 aeger
369 1922 518 2005 Platori,
533 1922 695 1993 ulcerata
712 1921 844 1994 habuit
856 1924 1033 1995 intestina
1047 1938 1124 2024 post

125 2041 272 2113 dierum
289 2038 439 2136 aliquot
453 2037 723 2135 dysenteriam3
737 2064 785 2110 ne
800 2037 896 2111 forte
913 2056 1040 2139 putes,
1054 2067 1123 2114 nou

125 2161 200 2231 nisi
226 2159 265 2227 in
283 2156 461 2227 diuturna
485 2153 558 2226 hoc
579 2152 759 2228 accidere.
779 2161 985 2228 Innumera
1006 2175 1123 2232 autem

126 2276 234 2352 erant
254 2273 468 2356 ulcuscula,
495 2274 637 2371 quippe
663 2274 702 2344 in
728 2287 809 2344 toto
832 2273 905 2345 ileo
926 2276 1122 2365 intestino,

21 2442 24 2448 -
128 2416 248 2491 eaque
267 2396 377 2460 trium
393 2388 594 2485 digitorum
612 2389 811 2460 latitudine
829 2392 927 2463 inter
945 2416 985 2465 se
999 2393 1125 2467 distan-

126 2512 195 2598 tia,
217 2524 261 2582 ut
288 2506 453 2579 conferri
471 2506 550 2577 haec
575 2505 837 2603 quadantenus
863 2510 1011 2605 possint
1045 2535 1122 2585 cum

126 2626 389 2702 observatione
404 2624 448 2696 cl.
470 2623 583 2694 Bassii
600 2622 671 2719 (6),
696 2626 762 2720 qui
779 2638 864 2720 post
877 2624 1121 2720 dysenteriam

125 2745 229 2818 idem
257 2743 477 2814 intestinum
499 2739 717 2812 distinctum
740 2740 835 2812 vidit
863 2741 1057 2817 ulceribus
1080 2741 1125 2815 ad

124 2865 345 2937 ‘distantiam
358 2881 460 2956 pene
485 2862 688 2927 transversi
713 2856 833 2954 digiti,
861 2881 1122 2960 nonuunquam

124 2979 322 3081 polliceris
342 2974 494 3044 articuli
515 2997 589 3044 uno
601 2977 691 3065 fere
708 2989 827 3045 tractu
849 3000 913 3049 seu
935 2983 1031 3047 serie
1036 3000 1120 3076 pro·

132 3094 359 3172 cedentibus,
383 3090 702 3187 quemadmodum
726 3091 878 3189 pictura
895 3119 1051 3192 quoque
1074 3091 1121 3192 (7)

980 3271 1117 3292 Μ

172 3377 217 3455 (ι)

171 3477 217 3557 (a)
304 3514 312 3530 .
349 3513 357 3528 .

174 3576 218 3656 (3)
305 3614 312 3629 .
350 3613 358 3628 .

176 3676 221 3752 (4)
305 3711 313 3726 .
369 3709 376 3724 .

177 3773 221 3852 (5)
241 3768 379 3830 Inaddit.
393 3767 457 3823 obs.
468 3767 496 3824 3.

178 3871 223 3950 (6)
240 3871 312 3928 Obs.
326 3877 406 3924 anat.
417 3864 491 3922 chir.
504 3868 581 3925 med.
595 3868 659 3927 dec.
673 3867 708 3939 3,
723 3866 788 3924 obs.
800 3888 827 3938 7.

177 3969 223 4052 (r)
242 3970 317 4029 Τὼ·
329 3969 394 4038 x1,
405 3965 453 4042 te·
470 3985 498 4035 1,
