2580 4514
133 392 206 481 464
299 414 346 459 nr
371 410 516 459 srnrrns
540 412 584 458 nr
609 410 733 461 crosis
758 411 979 461 nonnonnrr

135 529 182 599 ab
198 528 277 599 aliis
287 550 441 624 quoque
451 539 537 595 ante
551 549 629 613 me,
646 538 791 622 utputa
806 549 827 595 a
845 527 1117 602 Mauriciolloll·

135 670 277 717 rnanno
287 645 341 740 (ι)
355 669 439 714 curn
454 668 502 713 erc
514 642 661 712 [arachis
675 648 815 715 strictis
828 654 948 742 quasi
962 662 1120 719 concretos

138 762 300 836 calculos
328 762 552 857 descripsit,
579 757 684 831 facile
703 762 1000 852 animadversae,
1018 790 1119 839 verum

137 882 246 951 etiam
259 880 377 950 multo
394 877 644 949 evidentiores
661 877 787 966 lineae,
801 894 870 952 aut
886 906 908 952 a
922 897 1056 955 centro
1064 886 1120 981 ipso

138 998 183 1069 ad
204 997 387 1069 ambitum
406 1009 592 1093 perpetuo
610 993 726 1065 ductu
745 998 994 1091 pertinentes
1007 1052 1019 1087 ,
1034 1002 1122 1071 inter·

139 1116 229 1188 dum
249 1126 459 1210 conspectae
470 1126 578 1199 sunt,
598 1127 641 1183 ut
657 1135 678 1181 a
697 1115 926 1186 Beaunrlino
941 1116 1020 1214 (α),
1033 1118 1124 1217 quiin

139 1233 311 1319 calculis,
328 1230 433 1327 quod
452 1228 499 1299 ad
515 1229 685 1299 colorum
700 1230 879 1302 ordinem
891 1249 1052 1331 spectat,
1062 1258 1124 1307 cun

138 1350 364 1449 quibusdam
386 1372 406 1417 a
428 1370 487 1418 me
511 1346 707 1445 descriptis
734 1349 976 1440 maximam,
1004 1367 1046 1423 ut
1069 1354 1126 1439 ait,

138 1484 282 1567 partem
296 1463 627 1553 convenientibus,
641 1466 807 1562 spiculus
831 1474 954 1563 quasi
973 1469 1127 1541 saltuosa

139 1601 271 1659 centro
287 1583 332 1653 ad
349 1580 600 1681 peripheriam
611 1587 771 1652 strr'atr'm
784 1581 1128 1685 decurrentespers·

140 1704 264 1801 pexit,
284 1718 326 1770 ut
340 1708 459 1769 minus
473 1724 520 1769 ex
536 1697 714 1785 lamellis,
733 1723 848 1795 quam
869 1726 917 1772 ex
937 1704 1043 1775 striis
1063 1701 1129 1775 tacti

138 1819 368 1891 viderentur.
399 1819 457 1885 Sic
474 1819 584 1886 etiam
601 1817 766 1887 Trewius
778 1816 834 1913 (3)
850 1819 893 1888 in
909 1819 992 1891 alio
1009 1821 1129 1893 calculo

140 1937 282 2007 nullum
310 1933 539 2033 deprehendi
550 1939 719 2031 potuisse
736 1947 898 2005 testatur
923 1952 1132 2011 structuram

141 2053 392 2141 lamellutum,
409 2076 493 2123 cum
512 2050 614 2120 radii
627 2055 756 2148 potius
777 2076 804 2119 u
822 2068 958 2125 centro
972 2061 1081 2153 quusi
1092 2052 1135 2125 od

42 2189 46 2195 ·
131 2170 413 2269 peripheriam,
433 2164 502 2237 sed
523 2168 675 2257 confuse
693 2184 936 2240 excurrentes
960 2195 1132 2243 cerneren-

140 2304 218 2374 tur;
236 2286 339 2384 quod
364 2285 490 2356 addita
514 2284 715 2356 delineatio
742 2284 813 2381 (4)
841 2286 1062 2361 confirmat.
1077 2287 1133 2361 Sed

139 2407 334 2477 Mauritius
350 2401 636 2474 Reverhorstius
661 2400 740 2499 (5),
764 2426 814 2473 ne
837 2403 929 2477 illos
951 2410 1024 2505 qui
1043 2422 1134 2481 antea

139 2529 386 2625 scripserunt,
406 2525 597 2611 omittam,
624 2523 689 2595 ubi
715 2548 760 2595 ex
783 2525 968 2621 plurimis
999 2529 1135 2601 calculis

139 2670 237 2744 quos
252 2644 380 2717 esenis
392 2641 554 2713 vesicula
570 2654 797 2728 extraxerat,
808 2645 1007 2719 sectiones
1018 2648 1134 2735 unius,

138 2788 186 2833 an
212 2761 375 2832 duorum
394 2757 577 2846 delineat,
593 2758 633 2826 in
649 2757 764 2829 altera
782 2759 944 2855 quidem
966 2744 1132 2837 corticem

137 2878 183 2951 ad
200 2878 331 2951 circuli
347 2874 502 2947 modum
523 2874 739 2963 adumbrat,
759 2875 799 2945 in
827 2892 1000 2977 utraque
1025 2896 1133 2954 auten

137 3021 216 3067 non
231 3011 362 3067 tenues
373 2993 491 3064 lineas
507 3015 528 3061 a
544 3007 676 3063 centro
688 2990 736 3062 ad
752 2993 1017 3090 peripheriam
1031 2998 1133 3071 radia·

137 3115 204 3184 tim
226 3110 507 3185 contendentes.
529 3113 693 3180 loannes
711 3124 837 3180 autem
863 3116 1037 3212 Baptista
1048 3120 1131 3189 Con·

137 3230 239 3302 tulus
264 3230 317 3326 (6)
341 3253 425 3299 cum
455 3231 609 3315 leones,
631 3226 936 3325 qualescumque
955 3248 1001 3307 ut
1018 3250 1130 3307 caetert

131 3352 1125 3403 .-----------...ι..

189 3491 201 3526 1
238 3470 314 3544 Eph.
329 3470 367 3525 N.
381 3468 413 3525 C.
427 3478 504 3523 cent.
518 3485 537 3543 9
551 3478 581 3523 et
595 3486 646 3539 ro,
660 3467 788 3543 append.
802 3487 830 3539 r,
848 3471 917 3529 obs.
935 3472 986 3533 35.

187 3590 203 3629 a
238 3573 401 3626 Commere.
413 3567 503 3623 litter.
516 3586 564 3623 an.
580 3567 675 3640 1743,
688 3565 778 3625 hebd.
790 3569 843 3644 28,
860 3590 894 3629 n.
908 3592 939 3631 a.

235 3667 542 3738 1bid.hehd.36,n.
565 3673 591 3733 t·
730 3650 733 3655 '

234 3770 309 3826 Tab.
327 3789 352 3839 r,
365 3768 414 3845 fig.
431 3766 478 3822 26.

236 3870 313 3926 nass.
325 3846 363 3927 'ae
377 3878 450 3924 mot.
464 3867 518 3922 m.
534 3866 596 3922 tab.
612 3883 646 3940 2,
663 3861 712 3943 fig.
726 3866 754 3923 3.

184 3970 202 4026 6
235 3970 281 4028 De
296 3967 421 4045 lapidid.
434 3976 489 4025 etc.
504 3985 529 4022 e.
546 3985 592 4022 ιι.
