2580 4514
173 351 341 417 anam.
362 353 408 401 us
429 348 564 399 nonnis
581 348 750 417 vaurms,
776 352 886 402 amsa.
905 320 1138 432 xxxv1'11457

133 464 260 536 urinae
281 479 316 535 et
336 463 431 536 fellis
447 466 605 537 vesicam
626 467 724 536 inter
742 492 779 538 se
801 465 1058 555 conferamus,
1087 484 1143 540 tu·

133 583 312 654 nicarum
341 583 470 653 saltem
501 584 784 655 crassitudinem
813 582 943 657 facere.
971 588 1144 657 Urinaria

134 701 241 772 enim
254 701 376 770 vesica
388 724 413 770 a
433 700 585 771 calculis
598 704 646 772 ob
663 707 874 772 continuum
891 709 1057 773 attritum
1071 728 1142 775 sce-

130 843 190 916 pe
216 816 431 916 quadruplo
452 824 611 889 crassior
635 818 776 907 eradit,
798 818 902 916 quod
925 820 974 890 ait
998 820 1082 908 ille,
1106 834 1143 892 et

133 958 209 1006 nos
226 935 266 1004 in
285 934 371 1006 loco
387 933 677 1031 (1)‘videhimus.
705 935 962 1032 Deprehendit
988 936 1066 1032 ipse
1095 935 1142 1007 ab

135 1051 293 1139 eadem,
312 1067 355 1122 ut
374 1065 499 1150 putat,
534 1076 642 1123 cansa
670 1058 865 1122 crassiores
891 1051 1015 1122 debito
1034 1053 1143 1149 cystis

133 1168 311 1254 tunicas,
329 1161 371 1257 ut
387 1168 448 1238 alii
467 1168 678 1262 interdum,
697 1169 737 1237 in
755 1167 813 1240 his
832 1192 910 1238 non
927 1167 1046 1239 solum
1069 1167 1143 1239 dis·

138 1285 261 1384 cipuli
275 1284 428 1381 quidam
449 1286 569 1357 nostri
583 1285 655 1382 (2),
672 1285 735 1356 sed
755 1300 791 1356 et
809 1284 1045 1386 doctissimus
1057 1288 1143 1356 Tre-

124 1403 234 1494 ,wius
244 1400 324 1500 (3),
345 1403 501 1500 qui-non
515 1404 593 1473 sine
611 1401 810 1499 purulenta
824 1402 977 1473 materia
987 1402 1142 1490 invenit,

133 1520 345 1619 prasertim
358 1534 482 1592 autem
501 1519 545 1590 cl.
562 1518 743 1591 Bezoldus
754 1519 819 1616 (4),
829 1520 893 1616 qui
906 1521 1050 1590 tunicas
1063 1519 1143 1590 illas

132 1638 312 1709 duriores
332 1643 600 1734 crassioresque
612 1653 650 1708 et
665 1643 775 1735 quasi
785 1636 1047 1734 cartilagineas
1059 1637 1142 1709 des-

136 1754 271 1844 cribit,
289 1754 374 1827 licet
394 1755 563 1843 aliunde,
582 1780 695 1852 quam
715 1755 761 1827 ab
784 1757 827 1827 iis
845 1779 941 1853 quos
960 1758 998 1825 in
1020 1770 1144 1828 suaet
1191 1767 1192 1770 ’

134 1871 256 1943 modo
283 1869 456 1943 indicatis
484 1873 665 1970 exemplis
700 1872 962 1960 continebant,
992 1873 1143 1944 calculis

138 2013 293 2062 causam
319 2004 480 2087 quaerat,
508 2005 544 2061 et
562 2005 660 2060 certe
683 1990 771 2062 alias
796 1989 947 2062 aliunde
974 2015 1052 2062 esse
1072 2014 1142 2089 po-

134 2122 211 2180 test
230 2105 295 2204 (5).
316 2112 498 2178 Caeterum
514 2130 608 2203 saepe
627 2121 681 2178 est
701 2133 833 2178 eorum
851 2106 1065 2204 superficies
1082 2108 1142 2178 lae-

133 2225 212 2312 vis,
232 2238 276 2320 nt
294 2224 463 2296 Vesalius
484 2225 523 2294 in
539 2225 812 2320 jurisconsulto
831 2225 895 2295 illo
915 2224 1028 2312 vidit,
1050 2250 1167 2324 prae-⁶

134 2343 270 2427 sertim
286 2341 316 2413 si
335 2367 379 2412 ex
401 2339 685 2412 flavescentibus
718 2343 809 2429 sint,
836 2366 932 2439 quos
964 2324 1141 2438 praetereai
1255 2432 1258 2437 Ι

134 2458 205 2530 vel
220 2461 345 2535 ,siccos
365 2483 451 2529 cum
471 2459 674 2555 tangimus,
687 2484 766 2530 non
782 2482 888 2530 secus
904 2483 945 2529 ac
962 2460 990 2530 si
1003 2483 1143 2556 sapone

134 2575 250 2648 obliti
267 2590 390 2648 essent
402 2577 652 2674 percipimus,
673 2575 883 2675 cujusmodi
897 2576 1002 2672 quasi
1015 2577 1144 2672 ungui·

134 2719 278 2786 nosum
303 2693 476 2778 laevorem
496 2694 535 2763 in
562 2691 788 2790 quibusdam
817 2694 928 2764 etiam
952 2690 1145 2762 subviridi-

134 2811 215 2884 bus
233 2809 292 2881 vel
309 2811 425 2906 magis
441 2809 702 2880 adnotavimus
713 2808 777 2905 (6).

192 2952 252 3000 21.
283 2926 396 3018 Quod
420 2951 510 2998 vero
539 2927 586 2997 de
609 2926 818 2996 irritatione
846 2925 1028 3013 diximus,
1053 2940 1143 2998 tunc
1256 2932 1258 2936 ’

135 3035 1143 3145 quoquecumintercystis'increscunttunicas,mod0

176 3398 227 3478 (1)
246 3400 338 3474 Epist.
355 3407 402 3465 42,

188 3499 222 3576 2)
243 3499 337 3574 Epist.
353 3501 392 3555 ad
409 3493 550 3556 Schrock
566 3497 613 3554 de
618 3516 677 3572 qua
690 3516 797 3572 supra
811 3518 840 3553 n.
857 3500 901 3555 18.

173 3597 222 3677 3)
245 3602 310 3656 Act.
325 3600 363 3655 N
377 3601 411 3654 C
429 3609 500 3654 tom
515 3606 551 3669 4,
565 3598 628 3653 obs.
646 3605 712 3666 ι4ο.

189 3696 223 3776 4)
245 3699 329 3773 Disp.
347 3699 382 3755 de
395 3698 569 3767 cholehtho
590 3696 645 3768 §.6

173 3499 185 3635 5

139 3852 144 3857 .
173 3699 223 3881 (5)
244 3798 313 3853 Vid.
332 3795 486 3873 Sepulchr.
501 3799 571 3866 1.3,
587 3816 678 3869 sar,
697 3797 808 3869 obst,
824 3801 900 3866 511.

175 3899 211 3979 (6
214 3895 226 3975 )
248 3899 343 3975 Epist
358 3897 448 3954 modo
461 3897 509 3954 eit.
522 3898 560 3956 ad
573 3893 717 3958 Schrock.
