2580 4514
136 380 205 460 aod
299 399 346 444 nn
373 397 518 445 srumus
543 399 587 444 rr
613 397 737 443 causis
763 398 976 445 norinorum

135 511 250 582 modo
282 512 411 600 calcis,
438 537 552 608 quam
582 526 740 598 vocant,
765 535 920 608 aquam,
948 511 1036 609 plus
1071 512 1120 579 miae

136 654 276 717 nusve,
298 645 333 700 at
351 654 500 728 semper
525 630 699 710 dilutan1;
721 627 838 700 modo
859 626 1123 701 thermalemil·
1176 613 1184 617 ⁸

139 746 314 846 lamquae
334 772 446 846 supra
477 749 686 818 Bononiam
716 762 791 832 est,
819 745 1040 845 diciturque
1062 770 1125 844 por·

140 879 249 934 rectae
281 867 440 952 veteris,
485 890 598 960 quam
631 863 822 934 interdum
856 889 1016 961 quoque
1046 861 1133 963 potui

141 981 275 1071 dabat3
300 983 407 1069 alias,
437 1008 522 1053 curn
554 981 868 1053 exulcerationem
899 982 1058 1052 minime
1083 977 1132 1050 ad·

137 1100 306 1194 junctam
330 1125 409 1172 esse
427 1099 619 1184 censebat,
644 1114 897 1170 cornmunenr‘
914 1125 1074 1197 aquam,
1091 1099 1134 1167 iu·

142 1220 258 1289 coctis
275 1243 357 1314 quae
377 1219 494 1314 magis
520 1243 562 1287 cx
588 1242 656 1286 nsu
678 1215 801 1287 futura
823 1216 1020 1301 crederet,
1037 1214 1137 1287 medi·

143 1334 259 1407 cabat.
284 1337 342 1404 Sic
371 1335 471 1404 varia
501 1335 609 1404 etiam
635 1315 856 1406 assumenda
877 1333 1091 1432 praebebat,
1107 1333 1138 1402 in

142 1448 201 1522 his
235 1452 398 1529 resinam
432 1450 743 1539 terebinthinam,
769 1454 829 1522 cui
861 1477 962 1549 aqua
985 1448 1140 1550 superbi·

141 1565 299 1638 beretur
311 1568 491 1639 medicata
505 1568 634 1639 herbis
649 1569 897 1667 vulnerariis(
913 1593 1081 1666 quacum
1092 1566 1141 1637 ali·

145 1681 299 1778 quando
309 1685 468 1756 resinam
490 1685 613 1772 illam,
627 1685 755 1756 vitello
769 1687 829 1755 ovi
847 1685 1036 1773 solutam,
1053 1707 1141 1755 com·

144 1801 346 1891 miscebat,
377 1818 413 1873 et
439 1801 485 1872 ad
510 1804 731 1897 injectiones
751 1802 949 1897 utebatur)
975 1818 1142 1875 nonuun-
1181 1834 1184 1913 2

146 1944 258 2014 quam
288 1935 432 2008 autem,
456 1945 541 1990 cum
569 1922 658 1990 anni
685 1935 833 2018 tempus
853 1935 950 1992 essct
976 1920 1143 2005 calidius,
1181 1918 1184 1983 J

144 2037 267 2107 resina
298 2039 454 2126 omissa,
482 2064 619 2135 aquam
643 2041 780 2135 inqua
807 2037 966 2126 eaedem,
986 2053 1053 2111 aut
1078 2037 1143 2108 alia

144 2179 216 2252 pro
234 2181 274 2226 re
293 2171 377 2226 nata
397 2157 553 2227 incocta}
575 2172 698 2228 essent
716 2155 861 2243 herbae,
880 2156 946 2228 sed
962 2178 1143 2256 proaquae

147 2275 254 2370 copia
279 2275 492 2372 pauciores,
508 2290 550 2346 ut
570 2300 682 2372 quam
702 2275 934 2372 largissimus
944 2299 1070 2374 prope
1083 2275 1143 2345 ins·

149 2405 206 2461 tar
221 2391 461 2462 thermalium
477 2417 660 2490 aquarum
672 2418 750 2464 esse
765 2408 891 2491 posset
906 2417 1043 2464 earum
1053 2415 1145 2478 usus,

145 2507 226 2579 bibi
240 2510 409 2599 volebat,
427 2511 561 2608 hyeme
579 2536 668 2581 vero
687 2513 837 2600 vinum,
860 2513 900 2581 in
923 2536 1056 2584 mensa
1075 2509 1143 2608 qui·

149 2627 253 2716 dem,
277 2629 390 2727 idque
409 2605 676 2719 domdsticum,
694 2631 734 2699 in
762 2655 856 2727 quo,
878 2632 1054 2702 autumni
1070 2645 1145 2701 tem·

101 2756 106 2773 “
147 2771 256 2845 pore,
267 2773 353 2818 eum
372 2750 411 2818 in
422 2747 525 2818 dolio
543 2745 718 2836 ferveret,
732 2747 899 2834 radices,
913 2747 1036 2845 ligna,
1049 2744 1144 2828 folia,

148 2889 231 2960 quae
255 2867 374 2962 magis
396 2848 599 2936 convenire
629 2865 816 2954 crederet,
845 2863 1005 2937 fuissent
1038 2887 1146 2936 mace·

148 2998 237 3052 rata.
266 2985 472 3080 Utriusque
493 3009 564 3082 ego
583 2985 762 3073 consilia,
789 2998 825 3054 et
843 2983 1017 3082 exempla
1033 2983 1147 3056 bacte-

149 3124 223 3173 nus
247 3116 396 3172 secutus
425 3125 528 3189 sum,
551 3117 593 3172 ut
620 3101 690 3171 alia
715 3100 796 3172 aliis
819 3101 936 3198 magis
967 3090 1150 3174 commen-

150 3215 260 3305 dans,
281 3214 357 3289 fere
383 3243 464 3314 quae
486 3219 732 3290 adversantur
754 3218 807 3288 lui
832 3243 1002 3290 venerem
1025 3219 1149 3292 admis-

152 3359 294 3423 cerem,
317 3350 470 3433 utpote
495 3361 608 3434 quam
636 3336 824 3433 ejusmodi
846 3333 1001 3409 affectus
1022 3361 1149 3435 praece·

84 3459 87 3464 ’
150 3450 239 3524 dere
262 3453 487 3550 plerumque
507 3455 653 3525 solitam
680 3453 942 3542 animadverti,
959 3454 1151 3554 multoque

149 3572 275 3641 minus
297 3572 509 3642 omitterem
526 3598 608 3670 quae
625 3575 664 3642 in
692 3572 1025 3646 duris'tumoribus
1045 3572 1153 3646 resol-

150 3686 282 3761 vendis
307 3714 480 3788 magnam
499 3691 689 3762 interdum
705 3691 833 3763 tulisse
852 3715 963 3789 opem
984 3691 1153 3791 cognovi.

150 3808 215 3879 His
232 3810 333 3880 enim
346 3812 478 3909 saepius
492 3835 605 3908 quam
621 3813 665 3883 iis
679 3837 760 3909 quae
776 3812 928 3909 proprie
941 3812 1158 3900 emolliunt,

150 3928 334 4017 utendum
351 3929 487 4020 credo,
514 3927 675 4003 neforto
698 3929 860 4002 nimium
883 3928 1017 4005 laxatis
1035 3929 1160 4023 fibris,
