2580 4514
192 385 264 431 ιιι.
284 382 341 431 ιιι.
368 382 414 430 ua
430 383 566 432 uonrrs
580 385 748 451 vaurms,
773 388 885 436 arrsr.
906 386 1042 435 xxxvn.
1071 361 1141 458 537

148 495 299 588 divum,
319 522 389 571 nec
418 500 554 572 certius
577 499 783 599 cognosci,
801 500 871 574 nisi
897 526 984 572 curn
1010 500 1164 598 aliquis.

144 613 313 712 dejectus
327 612 438 687 fuerit
454 616 635 703 calculus,
654 628 766 714 quem
786 641 831 689 ex
849 616 983 718 hepate
1005 641 1142 716 prove-

144 731 270 819 nisse,
296 730 445 805 dolores
468 732 514 804 ad
538 732 652 829 hujus
672 736 866 832 regionem
886 734 1012 831 praevii
1040 758 1145 806 corn-

142 840 460 953 monstraveriut.'
476 852 594 949 Igitur
624 853 827 924 curationis
855 877 941 951 pars
968 877 1044 925 una
1074 852 1145 923 erit

143 965 236 1039 dare
257 992 431 1066 operam,
448 993 533 1041 cum
552 969 735 1066 ejusmodi
750 969 979 1042 acerbissimi
995 969 1144 1043 dolores
1166 954 1168 960 ⁸
1244 1064 1246 1069 ,

142 1080 348 1173 redierint,
377 1100 419 1158 ut
444 1086 610 1159 calculus
636 1113 681 1159 ex
697 1089 874 1186 angustiis
890 1087 963 1159 illis
981 1111 1019 1158 se
1037 1113 1144 1186 expe·

144 1199 235 1272 diat.
265 1201 388 1274 Altera
415 1218 615 1301 postquam
640 1228 678 1277 se
704 1203 793 1278 inde
810 1205 1033 1304 expedierit,
1052 1218 1094 1276 ut
1114 1203 1144 1276 si

143 1317 343 1415 quisalius
361 1334 475 1391 restat
494 1321 676 1407 calculus,
697 1321 727 1394 si
745 1317 827 1394 fieri
848 1323 989 1420 possit,
1011 1320 1144 1393 dissol·
1229 1341 1232 1347 ·

141 1449 266 1508 vatur.
283 1438 425 1526 Tertia,
446 1462 496 1508 nc
517 1453 736 1536 procreetur
753 1463 884 1510 novus.
905 1441 999 1510 Sunt
1019 1451 1144 1510 autem

142 1551 202 1623 hae
229 1552 382 1651 singulae
406 1556 610 1627 curationis
625 1570 749 1655 partes
769 1558 838 1644 ita,
855 1555 1142 1656 uffiposuimuS,

142 1669 441 1768 distinguenda,
470 1697 540 1743 nec
565 1687 735 1772 tempora
767 1673 901 1770 cuique
930 1670 1075 1756 debita,
1101 1685 1145 1747 ut

143 1787 301 1888 quidam
324 1781 444 1861 facere
463 1789 652 1876 videntur,
672 1791 738 1888 qui
753 1789 918 1862 remedia
928 1790 1143 1889 promiscue
1167 1795 1170 1799 ’

143 1920 358 2006 congerunt
373 1920 514 1979 temere
532 1905 817 1997 confundenda,
836 1907 900 1980 sed
917 1909 971 1981 rei
994 1922 1143 1995 natura,
1251 1938 1256 1955 ¹

143 2040 183 2097 et
201 2022 360 2122 analoga
377 2025 534 2096 urinarii
551 2025 684 2097 calculi
712 2024 881 2098 similiter
896 2023 1070 2098 distincta
1082 2048 1143 2097 cu·

142 2144 349 2242 ratio,prae
364 2141 483 2216 oculis
495 2141 671 2214 habenda
685 2157 750 2214 est.
1025 2148 1028 2152 “

192 2265 252 2358 49.
280 2264 373 2333 Cum
390 2261 503 2358 igitur
519 2260 707 2332 savissimi
721 2274 858 2356 urgent
867 2257 1034 2346 dolores,
1047 2272 1142 2331 sata-

140 2376 310 2480 gendum
328 2392 399 2465 est,
421 2392 461 2448 ut
478 2375 519 2446 hi
538 2376 828 2475 consopiantur,
850 2399 929 2447 non
950 2375 1072 2448 solum
1093 2400 1142 2446 ne

137 2520 240 2596 aeger
262 2509 501 2592 torqueatur,
524 2494 623 2567 etin
644 2493 852 2592 periculum
880 2489 1142 2564 inflammatio·

139 2614 202 2684 nis
231 2626 295 2682 aut
315 2635 518 2683 nervorum
540 2609 775 2682 distentionis
805 2608 1053 2706 conjiciatur,
1077 2631 1141 2680 ve·

136 2728 228 2803 rum
257 2729 366 2801 etiam
389 2744 431 2800 ut
450 2728 615 2800 calculus
644 2729 832 2827 angustias
861 2741 1021 2825 superet.
1054 2727 1140 2818 Quo

137 2834 245 2920 enirn
267 2844 329 2916 hic
351 2849 467 2945 magis
484 2845 620 2918 ductus
640 2847 779 2934 irritat,
799 2869 845 2917 eo
863 2844 980 2942 magis
999 2842 1045 2915 ad
1065 2843 1141 2916 cal·

137 2965 272 3039 culum
286 2988 325 3036 se
345 2962 574 3039 contrahunt
590 2962 747 3051 ductus,
767 2963 892 3060 itaque
914 2975 951 3033 et
967 2985 1055 3033 suos
1075 2986 1140 3033 au·

138 3095 232 3181 gent
260 3081 469 3170 cruciatuS,
498 3094 535 3152 et
560 3079 613 3150 illi
640 3080 839 3152 transitum
868 3076 1147 3152 intercludunt:

136 3204 242 3297 Ergo
260 3201 370 3270 etiam
391 3211 502 3295 atque
524 3199 636 3269 etiam
657 3196 857 3268 laxandum
871 3211 924 3268 est
943 3222 951 3265 τ
978 3195 1079 3268 etad
1097 3221 1140 3270 ea

136 3341 223 3416 quaa
243 3340 311 3415 per
335 3341 372 3389 se
387 3315 513 3386 laxant
539 3332 652 3412 atque
672 3315 893 3405 emolliunt,
920 3327 1007 3388 sunt
1034 3338 1140 3386 eum·

136 3435 226 3506 dem
239 3432 285 3504 ad
300 3431 414 3505 finem
432 3431 640 3528 adjicienda
655 3431 851 3521 diluentia,
868 3430 1139 3520 demulcentia,

136 3551 337 3648 anodyna,
358 3567 394 3622 et
406 3549 714 3647 temperatissima
727 3547 1062 3647 antispasmodica,
1082 3562 1139 3636 et,

137 3669 167 3740 si
183 3666 430 3739 intolerabilis
444 3665 554 3738 dolor
568 3679 695 3764 cogat,
714 3667 824 3736 etiam
839 3665 974 3764 opia'ta.
987 3667 1066 3738 Nec
1081 3687 1140 3737 so·

135 3788 216 3860 lum
235 3788 391 3861 interius
406 3788 516 3875 datis,
538 3786 602 3860 sed
621 3790 732 3859 etiam
756 3785 918 3858 exterius
935 3782 1138 3873 adhibitis,

135 3921 323 4009 quantum
342 3931 411 4006 per
428 3906 506 3980 haec
525 3906 632 3994 licet,
650 3903 854 3981 laxandum
872 3916 949 3994 est,
972 3901 1138 4000 clysteri-
