2654 4508
228 359 275 431 58
393 385 438 429 na
460 384 612 431 sumnus
637 385 681 429 nr
707 384 830 431 causis
857 384 1065 431 nonnosum

225 521 344 593 usque
355 497 401 567 ad
412 497 503 567 recti
515 494 630 566 tinem
641 496 721 565 dira
731 495 1023 567 inflammatione
1036 512 1229 594 occupata,

223 629 337 684 utne
362 615 519 684 minima
542 612 696 709 quidem
720 638 851 683 eorum
875 639 962 711 pars
982 615 1092 686 illaesa
1117 616 1228 685 relin-

223 743 415 826 queretur.
425 730 616 799 Intestinis
629 745 753 799 autem
762 733 916 800 materia
927 731 1228 826 sanguinolenta,

224 845 376 949 dejectae
395 846 542 932 similis,
563 844 836 916 continebatur.
858 846 1101 922 Ventriculus
1116 862 1152 916 et
1168 871 1228 918 re·

222 989 292 1035 nes
306 965 386 1035 sani
402 978 519 1033 erant.
531 968 575 1037 In
589 963 757 1049 thorace,
768 965 976 1061 posteriora
988 965 1231 1061 pulmonum,

226 1082 368 1167 sinistri
381 1082 586 1178 proesertim
599 1081 728 1150 leviter
737 1097 842 1151 erant
854 1079 1093 1151 inflammata.
1108 1087 1150 1151 In
1158 1107 1228 1180 pe-

220 1197 384 1268 ricardio
400 1197 602 1270 mediocris
614 1222 718 1294 aquae
728 1200 845 1295 copia.
861 1202 904 1267 In
915 1198 1028 1270 corde
1039 1200 1230 1298 polyposae

220 1316 481 1386 concretiones
500 1314 620 1385 nullae.

236 1477 243 1484 «
272 1457 325 1502 η.
366 1433 603 1528 Hippocratis
637 1430 875 1527 aphorismus
907 1431 976 1528 (1)
1009 1434 1149 1525 Quibus
1178 1459 1227 1504 ex

218 1550 358 1620 morbis
385 1554 504 1618 acutis
531 1564 600 1618 aut
621 1548 830 1636 diuturnis,
851 1549 908 1619 rel
926 1576 974 1620 err
1000 1551 1226 1635 valamber,

216 1672 290 1738 sire
307 1665 384 1734 alio
403 1675 531 1762 quovis
547 1665 660 1735 modo
676 1672 904 1754 extenuatis,
921 1684 1008 1737 atra
1026 1667 1108 1739 bila
1121 1723 1130 1757 ,
1145 1675 1225 1741 rive

214 1790 425 1879 utisangut's
436 1785 1221 1882 niger-instaexierit,postridiemoriuntur,

214 1903 285 1973 nisi
296 1901 399 1998 quod
412 1901 528 1999 paulo
540 1902 648 1972 citius
662 1901 809 1972 videtur
823 1901 1010 1999 expletus,
1023 1903 1081 1972 vel
1098 1905 1219 1999 magis

215 2019 376 2117 quadrat
391 2021 431 2089 in
452 2019 553 2090 hunc
572 2043 720 2106 casum,
737 2043 851 2116 quam
871 2020 910 2092 in
929 2045 1014 2090 eum
1039 2020 1085 2090 ad
1106 2046 1221 2118 quem

214 2136 438 2226 aBalloniO,
459 2153 502 2208 ut
522 2136 584 2206 hic
601 2136 706 2208 vides
723 2138 761 2206 in
780 2136 1032 2235 Sepulchreto
1054 2138 1128 2234 (a),
1148 2153 1224 2209 tra-

214 2254 348 2327 ductus
361 2270 425 2325 est.
442 2256 530 2351 Ejus
546 2256 646 2325 enim
658 2281 769 2351 aeger,
786 2281 899 2352 quem
916 2255 1068 2326 dolores
1080 2257 1221 2353 pariter

212 2372 260 2443 ad
279 2373 476 2443 ventriculi
493 2373 688 2470 regionem
709 2388 906 2461 vexarant,
925 2372 1047 2470 pridie
1069 2398 1181 2469 quam
1204 2400 1224 2444 e

211 2490 287 2561 vita
320 2489 542 2577 excederet,
570 2489 836 2561 atrabilarium
873 2489 1026 2586 quidem
1063 2497 1225 2561 excrevit

211 2613 452 2704 sauguinem,
477 2608 540 2679 sed
555 2633 631 2706 per
656 2633 706 2679 os.
735 2612 918 2679 Caeterum
942 2633 1012 2678 nec
1030 2607 1222 2680 Ballonius

211 2724 525 2822 quidquam‘vitii
550 2728 590 2797 in
617 2720 958 2824 ipso‘ventriculQ
984 2741 1020 2796 et
1046 2725 1222 2796 Vatsatva

209 2843 314 2914 hunc
341 2869 473 2916 sanum
501 2846 709 2942 proposuit.
742 2850 912 2940 Uterque
938 2868 1057 2940 prope
1078 2845 1219 2914 ventri·

211 2961 338 3031 culum
359 2961 421 3030 illa
438 2960 633 3049 indicavit,
652 2960 754 3031 unde
766 2961 828 3031 hic
844 2959 955 3031 simul
970 2957 1068 3029 affici
1081 2976 1217 3056 posset.

210 3077 375 3192 Pulsatio
385 3095 509 3150 autern
522 3105 604 3176 quae
616 3104 636 3149 a
647 3079 818 3151 Valsalva
831 3077 1010 3148 adnotata
1025 3093 1098 3164 est,
1112 3075 1218 3147 tacite

177 3276 181 3288 Ι
210 3211 247 3266 et
272 3198 477 3269 restitantis
504 3197 695 3294 sauguinis
723 3197 760 3265 in
788 3196 1048 3292 proximorum
1078 3196 1219 3265 intesti-

209 3337 347 3384 norum
362 3314 585 3412 parietibus,
596 3310 857 3399 effectuserae
867 3327 903 3383 et
916 3313 1085 3409 ejusdem
1101 3316 1221 3383 exitus

208 3457 316 3504 causa
336 3437 376 3503 in
399 3459 532 3504 eorum
552 3457 696 3503 cavum.
720 3429 902 3529 Urgendo
920 3431 1021 3500 enim
1039 3456 1161 3526 usque
1183 3445 1219 3500 et

207 3577 340 3648 nsque,
353 3551 639 3647 aliquademum
656 3574 702 3619 ex
714 3546 881 3620 infarctis
893 3549 1054 3620 vasculis
1064 3549 1216 3646 ruperit.

206 3672 293 3759 Quo
311 3667 573 3741 trahifortasse
589 3682 732 3764 potest,
747 3683 790 3738 ut
808 3667 856 3737 ad
873 3668 1143 3763 Hippocratem
1162 3689 1221 3735 re-

248 3887 292 3963 Ιίι)
314 3888 370 3957 23,
389 3891 405 3956 5
424 3894 453 3954 4.

243 3988 287 4063 (a)
311 3987 385 4044 obs.
410 4006 456 4080 πρ.
