2580 4514
176 392 245 438 mn.
267 390 323 437 ιιι.
351 390 398 436 na
422 387 559 436 moams
577 387 750 452 vurmius,
774 387 886 435 amar.
904 388 1034 434 xxxin.
1064 365 1133 437 233

133 529 218 575 mox
232 505 274 574 in
290 502 398 575 diaeta
423 501 754 590 memorabuntur,
773 514 837 571 aut
855 525 987 571 eorum
1010 503 1135 572 consi-

128 620 284 693 milibus
302 619 413 718 planc
430 621 606 691 innocuis
619 618 803 691 utendum
824 632 892 689 est.
913 623 965 688 Ex
986 620 1058 690 illis
1078 644 1137 690 au·

129 752 203 810 tem
223 736 403 810 remediis
421 761 503 835 quae
524 738 688 809 exterius
703 736 949 822 adhibentur,
970 761 1137 809 summo-

131 878 225 954 pere
254 855 351 925 mihi
382 855 594 954 placerent,
616 856 647 926 si
672 853 830 926 sormam
852 870 1009 952 spectes,
1030 857 1138 926 semi-

130 975 244 1072 cnpia
267 989 381 1071 atque
411 974 654 1070 injectiones,
682 975 712 1045 si
737 974 952 1061 materiam,
974 971 1138 1043 therma-

121 1117 215 1164 rum
237 1115 353 1189 aquas
370 1090 672 1164 corroborantes.

180 1208 238 1282 13.
260 1208 450 1280 Diaetetica
464 1222 597 1294 restat,
612 1209 720 1305 cujus
735 1223 861 1279 rectus
875 1231 966 1278 usus
980 1207 1140 1275 omnino

126 1328 364 1401 necessarius
385 1341 460 1414 est,
487 1350 572 1399 cum
596 1341 634 1399 et
656 1327 757 1398 vires
774 1324 926 1421 adjuvet
947 1322 1138 1421 praesidio·

124 1469 214 1518 rum
229 1467 349 1542 quaea
366 1423 559 1543 chirurgia
579 1458 616 1516 et
634 1443 850 1542 pharmacia
870 1441 1140 1525 desumuntur;

127 1575 213 1635 tum
235 1561 350 1635 etiam
367 1561 475 1658 quia,
492 1563 523 1634 si
539 1561 618 1632 haec
635 1575 699 1632 aut
718 1583 958 1657 nequaquam
977 1571 1040 1628 aut
1052 1554 1142 1628 frus·

126 1693 187 1751 tra
217 1693 465 1778 repetantur,
493 1678 596 1750 nulla
629 1694 765 1777 praeter
798 1677 900 1747 illam
933 1677 1010 1771 jam
1045 1678 1141 1746 ratio

129 1813 323 1897 superest,
342 1821 437 1894 qua,
454 1810 492 1869 et
510 1793 655 1868 facilius
678 1796 854 1893 quidem,
874 1793 1142 1880 innocentius,

127 1911 387 2013 frequentius,
406 1939 538 1988 curare
553 1915 763 2014 possimus,
779 1929 822 1984 ut
844 1916 971 1984 minus
986 1912 1141 1983 moleste

128 2031 265 2105 saltem
279 2032 497 2131 minorique
516 2057 604 2105 cum
621 2032 792 2129 periculo
811 2028 953 2102 feratur
972 2027 1140 2100 morbus.

127 2151 285 2223 Victum
313 2150 495 2249 proponit
520 2149 753 2223 Mercurialis
781 2148 854 2245 (1),
884 2150 952 2246 qui
978 2148 1144 2219 siccandi

128 2270 209 2341 vim
225 2266 384 2340 babeat:
401 2292 476 2340 nec
495 2267 653 2341 dubium
666 2284 723 2341 est
738 2270 830 2366 quin
851 2269 881 2339 is
897 2268 1018 2338 victus
1034 2264 1144 2337 faciat

127 2384 177 2459 ad
204 2385 480 2459 roborandum.
505 2390 649 2459 Verum
674 2387 705 2458 si
733 2401 833 2458 recte
852 2383 1144 2484 perpendantur

128 2504 259 2603 gravia
275 2519 313 2577 et
330 2504 462 2577 crebra
482 2503 709 2577 detrimenta
727 2531 809 2603 quae
833 2504 880 2575 ab
900 2505 973 2575 alvi
993 2499 1145 2573 faecibus

127 2623 382 2722 provenirent
399 2647 443 2695 ca
455 2624 577 2696 victus
591 2625 737 2695 ratione
750 2622 955 2709 induratis3
972 2618 1080 2691 facile
1093 2621 1145 2688 vi·

129 2738 287 2813 debitur
297 2765 375 2814 esse
388 2741 545 2831 anobis,
556 2743 762 2841 praesertim
771 2756 973 2839 postquam
987 2737 1145 2834 repetita

127 2855 312 2948 fuissent,
327 2861 518 2933 incassum
536 2859 813 2932 medicamenta
838 2855 1146 2943 corroborantia,

127 2976 248 3049 victui
264 2977 331 3074 qui
342 2977 507 3050 siccandi
519 2978 596 3049 vim
614 2978 774 3067 habeat,
797 3002 886 3048 eum
902 2976 968 3073 qui
986 2972 1146 3045 humec-

128 3093 238 3167 tandi
254 3094 292 3165 vi
308 3094 472 3192 polleat,
490 3097 824 3193 anteponendum
842 3097 908 3192 qui
922 3117 1061 3190 nempe
1075 3093 1146 3162 vic·

130 3228 194 3285 tus
208 3211 322 3285 simul
342 3230 582 3285 excrementa
598 3215 728 3284 mollia
745 3227 930 3297 servaret,
950 3212 1061 3284 simul
1081 3236 1145 3281 eo-

128 3352 219 3401 rum
246 3330 494 3402 acrimoniam
530 3332 748 3428 corrigeret.
775 3329 948 3402 Medicus
977 3329 1145 3400 cautissi-

129 3470 219 3519 mus
238 3448 461 3521 Franciscus
481 3450 623 3521 Redius
637 3448 701 3546 (ἡ
723 3453 764 3518 in
782 3446 941 3520 consilio
967 3445 1145 3516 adversus

128 3564 307 3637 dolorem
331 3579 369 3638 ct
392 3564 535 3638 fluxum
552 3565 898 3655 haemorrhoidum,
921 3588 1009 3636 cum
1030 3564 1144 3634 intes-

167 3848 215 3929 (ι)
233 3851 308 3927 Cap.
327 3850 378 3908 cit.
395 3868 487 3926 snpra
503 3852 542 3908 ad
558 3872 587 3909 n.
602 3852 629 3910 3.

165 3950 213 4029 (a)
232 3953 337 4028 Opere
350 3951 418 4008 dell’
430 3953 486 4007 ult.
500 3952 575 4010 edin.
590 3964 610 4008 t.
631 3959 746 4020 lverso
758 3951 791 4006 in
803 3949 872 4008 fine.
