2580 4514
1086 353 1108 429 5

99 488 401 591 respondendum
425 488 512 560 aliis
531 512 700 601 oggseas,
725 497 793 587 qui
813 511 899 562 eum
919 497 1008 562 istas
1033 498 1129 567 eri?

99 612 223 682 dentes
242 616 409 680 internas
429 602 650 680 morbobum
663 632 797 680 causas
807 634 885 708 per
904 633 1106 709 corporum

98 729 333 800 dissectioues
368 732 524 800 inveniri
536 727 743 818 fateantur
756 780 775 814 ,
804 725 902 798 illud
925 729 1108 822 objiciunt

10 881 14 895 ·
97 849 245 919 morbos
258 861 383 918 tamen
400 842 509 916 haud
516 851 766 943 paucissimos
783 869 860 916 non
873 852 1012 943 sanari.
1029 850 1104 921 Ne·

97 989 166 1061 que
184 969 283 1036 enirn
299 986 447 1060 semper
458 986 581 1034 verum
599 986 677 1040 esse
687 967 838 1052 ,.ar'unt,
863 960 970 1060 quod
984 978 1102 1035 vetus-

97 1086 254 1152 tissimus
285 1095 419 1152 auctor
445 1078 604 1151 tradidit
625 1081 723 1175 ejus,
747 1085 814 1178 qui
836 1079 884 1152 de
909 1096 987 1153 arte
1000 1135 1020 1172 ,‚
1033 1087 1103 1154 ins·

95 1205 232 1298 emptus
254 1214 329 1289 est,
348 1198 455 1288 libri,
478 1196 692 1286 medicum,
713 1199 743 1270 si
762 1196 918 1296 quidem
944 1197 1104 1274 sufficiat

94 1317 139 1389 ad
155 1317 486 1417 cognoscendum,
500 1311 674 1389 sufficere
689 1317 800 1388 etiam
812 1315 861 1387 ad
874 1316 1102 1408 sanandum,

93 1440 252 1532 itemque
270 1439 382 1531 isqui
398 1431 485 1504 inde
499 1432 652 1507 uidetur
658 1441 874 1533 sumpsisse,
889 1439 941 1505 M.
959 1433 1100 1506 Tullius

93 1552 184 1626 libro
209 1553 356 1625 Tuscul.
387 1554 527 1642 Quaest,
551 1550 599 1641 3⁷,
624 1550 813 1641 medicos,
840 1577 951 1626 causa
973 1550 1100 1625 morbi
1123 1556 1125 1562 ’
1164 1578 1168 1583 ’

90 1673 260 1760 inventa,
278 1671 520 1743 curationem
536 1693 616 1743 esse
626 1671 819 1742 inventam
835 1686 980 1769 putare.
1004 1675 1099 1764 Quae

88 1794 230 1860 utinam
234 1788 348 1880 falsa
364 1803 458 1860 esset
471 1790 650 1886 objectio,
671 1813 742 1860 nec
753 1812 856 1887 saepe
867 1789 965 1861 adeo
981 1795 1095 1887 aegri,

89 1906 144 1979 vel
148 1912 299 2004 cognita
306 1932 434 1995 causa,
447 1922 689 1979 morerentur.
696 1913 1096 1981 Verumtamennonne

87 2048 253 2097 censores
266 2024 307 2096 ht
324 2023 460 2096 similes
481 2025 856 2125 suntpriorumlllli,
868 2033 959 2125 quia
972 2049 1097 2100 causoe

85 2140 282 2216 invisibiles
296 2147 470 2239 cognosci
479 2157 670 2240 nequeunt
676 2197 687 2230 ,
689 2145 842 2234 frustra
858 2144 956 2216 alias
971 2148 1093 2242 quoeri

86 2259 374 2349 contendebant3
384 2259 441 2346 bi,
456 2265 547 2357 quia
560 2265 711 2357 cognita
724 2285 855 2350 causa,
873 2285 951 2333 non
965 2282 1092 2330 omnes

84 2379 209 2449 morbi
234 2383 369 2450 sanari
392 2394 570 2476 possunt,
599 2377 768 2450 inutilem
792 2405 868 2451 esse
893 2403 1094 2451 causarum

76 2501 384 2595 perquisitionem
412 2495 649 2569 contendunt.
688 2497 806 2591 Quae,¹
829 2498 993 2585 malum,
1010 2497 1094 2569 hoec

28 2618 33 2627 “
84 2628 325 2717 utrorumque
341 2616 522 2711 injustitia
535 2628 589 2689 est
600 2613 613 2685 l
624 2617 879 2713 Autproesta‚
895 2619 1088 2713 inquiunt,

74 2756 150 2830 per
175 2747 379 2803 anatomen
406 2757 493 2831 quae
519 2757 637 2831 supra
653 2732 846 2805 bominum
871 2749 960 2805 sunt
978 2737 1089 2820 rires3

82 2866 151 2922 aut
165 2857 201 2923 si
215 2851 353 2923 idnon
370 2868 486 2952 potes
497 2905 509 2940 ,
530 2866 671 2923 coetera
693 2849 806 2939 nihili
815 2855 984 2944 facimus
1004 2862 1090 2950 'quoe

78 2984 200 3066 potes.
220 2975 306 3042 Hoc
324 2976 422 3042 enim
438 2957 599 3069 deniqne
618 2975 647 3040 ii
658 2969 794 3042 medici
804 2969 1009 3068 dicuntqui
1022 2968 1089 3040 illa

82 3085 220 3159 dicunt.
243 3087 368 3164 Nihili
380 3088 494 3185 igitur
494 3069 648 3181 facient
660 3104 746 3161 tunc
757 3094 869 3161 etiam
881 3112 964 3159 cum
980 3093 1090 3158 Ana-

82 3207 339 3296 tomefamaru
349 3209 705 3306 ipsorumtuebitur,
715 3203 944 3278 ostendendo
961 3229 1091 3277 revera

82 3322 328 3396 insanabilem
334 3327 458 3416 fuisse
476 3326 647 3396 morbum
665 3349 775 3423 quern
801 3328 1090 3422 vituperantium

80 3439 364 3528 malevolentia,
395 3457 464 3513 aut
492 3447 639 3513 inscitia
665 3440 776 3534 falso
812 3440 957 3512 dictitet
967 3441 1090 3532 fuisse

80 3557 307 3648 sanabilem,
320 3575 391 3632 aut
406 3583 494 3633 cum¹
506 3562 721 3632 morborum
742 3557 995 3656 quorumdam
1012 3557 1091 3632 vul·

79 3688 173 3770 gata
202 3680 310 3772 signa
337 3681 530 3750 Anatome
565 3677 623 3750 rel
648 3676 862 3764 dedocebit‚
896 3676 954 3750 rel
972 3675 1089 3748 dubia

81 3790 230 3882 reddet,
246 3792 314 3866 uel
325 3793 405 3865 alia
422 3798 543 3877 minus
551 3793 675 3869 dubia
693 3792 898 3882 indicabit,
920 3791 989 3865 vel
999 3798 1089 3889 'qua

82 3894 201 4003 nora,
223 3916 386 3987 annusve
402 3917 479 3987 sint
495 3927 611 4004 nota,
630 3927 801 4011 suggeret
822 3911 878 3983 ad
893 3912 1090 3983 obscurum
