2580 4514
233 351 307 424 656
397 375 443 420 na
460 370 615 419 anninus
640 372 685 418 ar
712 370 837 420 causis
864 372 1089 422 morinorum

235 485 434 586 agentibus
459 510 536 556 non
567 485 977 584 perutilescenseam3
1007 512 1101 560 nam
1124 503 1159 560 et
1175 489 1238 586 ipse

234 629 363 676 earum
410 603 534 699 aliqua
575 617 657 673 tum
690 627 802 700 supra
842 604 975 700 quoad
1018 605 1131 678 licuit
1166 630 1241 678 usus

236 746 343 808 sum,
365 735 444 791 tum
463 717 560 790 infra
579 719 732 791 fortasse
752 734 853 808 utar3
875 720 943 793 sed
962 723 1057 820 quia
1077 723 1181 794 nulla
1194 726 1240 822 ip·

238 864 363 912 sarum
396 853 451 909 est
483 839 691 908 anatomica
722 837 962 936 inspectione
991 841 1238 939 comprobata.

237 962 417 1028 Caeterum
436 971 472 1027 et
493 955 549 1025 hae
567 970 731 1052 quatuor
744 970 782 1026 et
800 955 1093 1052 ejusdemmodi
1112 959 1240 1029 aliaein·

238 1073 295 1145 fra
315 1070 596 1171 proferendas
588 1099 627 1142 m
647 1072 794 1144 feminis
815 1070 952 1145 habitae
974 1091 1087 1164 sunt,
1112 1091 1155 1147 ut
1170 1076 1239 1147 reli·

237 1193 438 1291 quaeetiam
454 1216 532 1261 non
545 1189 660 1261 modo
675 1171 934 1287 qnaeindicatae
945 1209 1040 1265 sunt
1052 1193 1104 1264 ab
1115 1194 1240 1264 Rudol·

237 1309 315 1408 pho
328 1314 346 1378 J
351 1308 470 1380 acobo
486 1309 747 1379 Camerarioi
716 1307 747 1404 (t
756 1307 790 1405 ),
807 1333 873 1404 qur
862 1308 950 1378 id'
940 1335 1076 1407 ipsum
1092 1311 1240 1382 animad-

229 1441 423 1521 uerterat,
449 1426 519 1497 sed
543 1441 579 1497 et
607 1450 738 1497 omnes
766 1427 921 1522 insuper
940 1426 1025 1498 aliae
1049 1455 1173 1526 quaea
1193 1454 1239 1499 me

239 1543 422 1616 hactenus
438 1560 651 1615 memoratae
674 1542 845 1630 fuerunt,
865 1558 929 1614 aut
951 1561 1045 1643 post
1066 1571 1240 1619 memora·

240 1661 402 1750 buntur3
425 1678 466 1733 ut
481 1661 660 1747 necdum,
678 1660 744 1731 nbi
758 1663 818 1730 vix
834 1687 956 1732 unum
978 1664 1239 1764 exceperislal,

241 1782 312 1851 nisi
330 1781 368 1849 in
389 1781 560 1875 sequiore
590 1803 680 1849 sexu
704 1779 895 1877 peritonaei
913 1777 1099 1879 hydrops
1120 1785 1166 1854 sit
1184 1780 1239 1854 ob·

242 1911 416 1967 servatus.
447 1897 529 1984 Qua
547 1895 592 1966 de
616 1920 656 1966 re
678 1919 720 1965 ac
750 1895 796 1965 de
815 1895 895 1966 aliis
913 1921 1036 1992 quas,
1057 1914 1120 1971 tot
1137 1900 1237 1971 histo·

241 2015 314 2084 rias
343 2014 440 2083 inter
463 2038 501 2084 se
529 2012 744 2101 conferens,
779 2013 1029 2111 peculiariter
1053 2016 1238 2104 adnotavi,

241 2156 330 2203 mox
346 2130 487 2227 aliquid
506 2130 664 2202 scribam
678 2146 922 2230 posteaquam
943 2135 1129 2229 primus,
1151 2133 1238 2234 quod

242 2252 374 2335 sciam,
400 2248 600 2339 Italorum,-
629 2248 721 2319 duas
741 2273 834 2345 quas
855 2249 1056 2347 pollicitus
1076 2277 1162 2325 sum
1188 2250 1237 2322 ad·

237 2368 383 2463 jecer03
401 2393 448 2437 ne
467 2366 563 2437 forte
584 2366 729 2453 credaS,
749 2392 836 2439 cum
855 2366 902 2438 de
920 2383 979 2439 tot
998 2370 1077 2443 illis
1093 2371 1238 2443 mulieri·

241 2483 313 2558 bus
331 2485 432 2555 nulla
455 2482 564 2556 fuerit
583 2511 627 2555 ex
638 2486 760 2574 Italia,
779 2500 966 2558 nostrates
982 2485 1151 2584 feminas
1163 2490 1237 2560 huic

241 2602 376 2673 morbo
386 2601 567 2673 obnoxias
579 2626 657 2672 non
673 2627 768 2692 esse,
783 2603 918 2677 rariori
931 2605 1119 2701 quidem,
1133 2624 1174 2680 ut
1182 2630 1236 2678 nec

241 2720 425 2809 Valsalva,
443 2745 512 2790 nec
527 2721 606 2817 ipse
626 2719 750 2790 adhuc
767 2723 806 2793 in
830 2746 919 2792 eum
936 2718 1172 2797 dissecando
1191 2727 1238 2794 in·

241 2838 413 2926 ciderim‚
429 2862 507 2907 non
524 2840 575 2908 sic
594 2853 718 2908 tamen
735 2863 839 2924 raro,
855 2853 897 2908 ut
913 2840 1113 2915 Mediavia
1127 2859 1238 2915 noster

240 2956 279 3024 in
299 2957 519 3026 nosocomio
540 2954 613 3024 hoc
630 2955 688 3026 bis
712 2980 790 3026 non
811 2955 969 3042 viderit,
1002 2962 1074 3056 qui
1102 2985 1237 3033 mecum

236 3088 438 3168 utramque
456 3072 756 3143 observationem
776 3097 879 3144 suam
903 3074 944 3144 in
963 3073 1078 3150 hunc
1094 3079 1237 3150 modun

242 3190 539 3259 communicavit

291 3305 347 3377 51
363 3306 510 3376 Mulieri
522 3306 685 3378 necdum
695 3307 874 3378 inclinata
890 3323 1023 3398 aetate,
1040 3313 1237 3386 colorclau

240 3422 717 3507 dabrh,venterumversus
728 3425 908 3496 tumebat
915 3429 1112 3501 Narrabat
1116 3432 1238 3530 ,prius-

240 3566 351 3640 quam
372 3541 411 3610 id
425 3539 495 3611 sibi
513 3523 718 3631 accideret,
737 3557 928 3616 tumorem
944 3550 1157 3644 quemdam
1166 3572 1236 3649 per

250 3725 1238 3753 ...m—..w

280 3827 321 3905 (ι)
343 3830 413 3906 Biga
434 3829 498 3885 obs.
511 3829 590 3886 med.
603 3849 628 3887 e.
645 3849 671 3885 1.

277 3929 319 4007 (a)
340 3928 409 3987 Vid.
426 3948 456 3984 n.
474 3925 521 4002 59.
