2580 4514
162 364 207 436 50
330 391 376 435 nr
402 389 548 437 sumnus
574 391 617 436 nr
643 391 766 439 crusis
791 392 1000 441 nonronuu
1102 403 1111 424 ι

160 493 408 588 memoraret,
422 503 514 573 illud
527 505 681 574 minime
695 505 896 595 omisisset,
911 521 954 577 ut
968 508 1035 603 qni
1046 507 1162 582 modo

160 617 231 689 sibi
258 618 472 690 addendum
498 626 649 691 omnino
676 637 865 719 putasset,
896 623 1034 695 nobilis
1061 623 1163 721 illius

159 735 227 805 viri
246 737 469 807 ruminantis
488 754 681 834 parentem
710 738 947 813 corniculum
970 741 1008 809 in
1038 742 1158 838 capite

157 854 322 949 gessisse.
342 856 445 923 Inter
465 869 617 924 caeteros
641 868 765 924 autem
790 855 858 952 qui
874 880 955 925 eam
975 856 1157 927 Bartholi'

155 971 195 1041 ni
218 967 551 1041 hallucinationem
584 968 884 1069 descripserunt,
913 972 1156 1044 Ettmiillerus

154 1087 224 1160 fuit
241 1087 316 1182 (1),
333 1089 399 1184 qui
415 1112 517 1160 suam
531 1087 684 1159 alteram
697 1089 854 1186 iusuper
869 1089 1034 1181 addidit,
1054 1115 1156 1162 nem·

104 1242 109 1254 ·
154 1230 201 1304 pe
221 1211 258 1275 in
272 1205 332 1276 hir
350 1207 621 1275 ruminantibus
639 1207 873 1277 observatum
882 1207 1004 1297 fuisse
1020 1222 1156 1307 stoma·

153 1324 261 1404 cltum
285 1321 396 1394 solito
411 1323 655 1416 fibrosiorem
684 1337 721 1392 et
751 1329 1019 1410 cumanorum,
1044 1331 1155 1420 quasi

151 1445 370 1512 vestimento
400 1438 608 1510 musculoso
633 1453 726 1509 esset
745 1439 905 1510 indutus.
930 1441 1083 1510 Utinam
1102 1442 1152 1513 sic

151 1558 248 1628 tueri
263 1580 475 1654 possemus,
489 1558 597 1654 quasi
612 1556 795 1628 stomachi
813 1558 966 1629 nomine
987 1557 1154 1656 oesopha-

37 1679 39 1682 ’
108 1770 114 1779 ⁴
149 1699 240 1771 gum
259 1673 525 1761 intellexissem
547 1673 652 1743 hunc
670 1675 770 1744 enim
789 1675 830 1743 in
847 1673 911 1744 illo
928 1674 1058 1745 saltem
1074 1701 1152 1749 mo·

149 1790 272 1864 nacho
289 1815 420 1862 revera
435 1790 687 1888 undequaque
703 1815 902 1861 carnosum
920 1797 1041 1861 instar
1052 1819 1150 1864 mus-

147 1908 224 1980 culi
234 1910 375 2006 reperit
393 1908 596 1981 Plazzonus
611 1908 690 2006 (a),
712 1908 751 1978 id
772 1924 826 1980 est
841 1932 919 1978 non
933 1909 1050 1982 modo
1064 1936 1152 2008 qua·

83 2004 88 2018 i
147 2027 220 2098 lem
234 2024 377 2097 hahent
393 2050 520 2096 omnes
535 2026 654 2124 plane
665 2027 849 2121 homines,
870 2041 912 2100 ut
922 2027 1147 2125 Peyerus(3)

144 2143 248 2214 aredi
261 2143 396 2231 vellet3
418 2168 504 2213 nam
525 2144 597 2214 nisi
611 2144 730 2214 multo
745 2143 862 2240 magis
874 2140 1002 2214 fuisset
1016 2168 1146 2216 carno

145 2286 227 2347 sus,
241 2262 475 2332 anatomicus
493 2259 594 2330 haud
610 2260 787 2358 ignobilis
805 2285 883 2331 non
897 2247 936 2330 id
950 2287 1070 2333 unum
1084 2263 1147 2335 ad·

143 2395 309 2450 notasset
320 2435 330 2466 ,
343 2403 428 2450 cum
439 2376 603 2476 reliquus
613 2384 775 2450 um'versi
788 2384 955 2475 corporis
959 2395 1095 2476 partes
1107 2407 1145 2452 se

141 2498 438 2581 rectehubuisse,
454 2497 728 2594 pronunciavit.
740 2494 812 2567 Sed
824 2519 896 2594 pro
905 2497 1144 2587 Ettmiillem,

138 2616 172 2686 si
199 2630 324 2685 tamen
351 2616 431 2711 ipse
458 2613 519 2683 illa
547 2613 713 2710 scripsit,
741 2610 811 2709 hy
835 2613 892 2683 uti
922 2608 1141 2686 defensioue

140 2759 219 2806 non
232 2756 451 2830 possumus;
465 2733 607 2829 quippe
621 2729 706 2826 qui,
726 2745 769 2801 ut
786 2730 911 2800 omnia
924 2755 1006 2833 qua
1024 2756 1070 2802 eo
1088 2758 1142 2804 ca-

137 2852 216 2950 pite
236 2848 410 2948 praefatus
436 2865 536 2936 erat,
562 2845 788 2936 ostendunt,
808 2846 993 2918 stomachi
1016 2850 1141 2947 appel,

137 2969 276 3040 latione
296 2967 548 3040 ventriculum
576 2964 805 3064 designabat.
831 2965 989 3034 Gravior
1013 2981 1138 3038 tamen

138 3111 181 3158 ea
203 3085 412 3157 Bartholini
430 3082 676 3154 hallucinatio
692 3097 747 3152 est
759 3105 836 3179 qua
857 3083 1039 3178 scriptum
1054 3083 1139 3155 reli·

137 3206 218 3301 quit
246 3204 285 3273 in
312 3216 485 3272 anatome
515 3214 692 3297 quartum
724 3213 903 3269 renovata
922 3204 985 3292 (4)
1014 3226 1022 3267 ε
1051 3206 1138 3297 quin

30 3308 38 3321 χ
134 3317 533 3416 ventriculus'dupleae
551 3319 669 3404 fuerit
692 3317 731 3385 in
751 3314 906 3389 homine
926 3321 1139 3424 ruminante
