<?xml version="1.0" encoding="UTF-8"?>
<!DOCTYPE html PUBLIC "-//W3C//DTD XHTML 1.0 Transitional//EN"
    "http://www.w3.org/TR/xhtml1/DTD/xhtml1-transitional.dtd">
<html xmlns="http://www.w3.org/1999/xhtml" xml:lang="en" lang="en">
 <head>
  <title>
</title>
<meta http-equiv="Content-Type" content="text/html;charset=utf-8" />
  <meta name='ocr-system' content='tesseract 3.04.00' />
  <meta name='ocr-capabilities' content='ocr_page ocr_carea ocr_par ocr_line ocrx_word'/>
</head>
<body>
  <div class='ocr_page' id='page_1' title='image "./desedibusetcaus00adelgoog_0391.png"; bbox 0 0 2580 4514; ppageno 0'>
   <div class='ocr_carea' id='block_1_1' title="bbox 235 378 1282 476">
    <p class='ocr_par' dir='ltr' id='par_1_1' title="bbox 235 378 1282 476">
     <span class='ocr_line' id='line_1_1' title="bbox 235 378 1282 476; baseline -0.003 -28"><span class='ocrx_word' id='word_1_1' title='bbox 235 378 306 476; x_wconf 71' lang='lat'><strong>394</strong></span> <span class='ocrx_word' id='word_1_2' title='bbox 399 404 444 449; x_wconf 79' lang='lat' dir='ltr'><strong>nr</strong></span> <span class='ocrx_word' id='word_1_3' title='bbox 471 403 616 449; x_wconf 80' lang='lat' dir='ltr'><strong>sumnus</strong></span> <span class='ocrx_word' id='word_1_4' title='bbox 641 404 684 449; x_wconf 80' lang='lat' dir='ltr'><strong>ur</strong></span> <span class='ocrx_word' id='word_1_5' title='bbox 710 402 833 449; x_wconf 78' lang='lat' dir='ltr'><strong>causis</strong></span> <span class='ocrx_word' id='word_1_6' title='bbox 859 394 1074 452; x_wconf 75' lang='lat' dir='ltr'><strong>troanonuu</strong></span> <span class='ocrx_word' id='word_1_7' title='bbox 1273 403 1282 445; x_wconf 78' lang='grc' dir='ltr'><strong>ι</strong></span> 
     </span>
    </p>
   </div>
   <div class='ocr_carea' id='block_1_2' title="bbox 111 515 1282 3420">
    <p class='ocr_par' dir='ltr' id='par_1_2' title="bbox 111 515 1282 2495">
     <span class='ocr_line' id='line_1_2' title="bbox 111 515 1273 615; baseline 0.002 -28"><span class='ocrx_word' id='word_1_8' title='bbox 111 537 114 543; x_wconf 93' lang='grc'><strong><em>·</em></strong></span> <span class='ocrx_word' id='word_1_9' title='bbox 236 516 366 587; x_wconf 89' lang='lat' dir='ltr'><strong>cadem</strong></span> <span class='ocrx_word' id='word_1_10' title='bbox 383 517 778 605; x_wconf 82' lang='lat' dir='ltr'><strong>observationcXXX3</strong></span> <span class='ocrx_word' id='word_1_11' title='bbox 801 517 865 588; x_wconf 87' lang='lat' dir='ltr'><strong>sed</strong></span> <span class='ocrx_word' id='word_1_12' title='bbox 878 542 962 615; x_wconf 82' lang='lat' dir='ltr'><strong>quae</strong></span> <span class='ocrx_word' id='word_1_13' title='bbox 975 518 1110 590; x_wconf 87' lang='lat' dir='ltr'><strong>ultima</strong></span> <span class='ocrx_word' id='word_1_14' title='bbox 1122 515 1216 589; x_wconf 79' lang='lat' dir='ltr'><strong>inliac</strong></span> <span class='ocrx_word' id='word_1_15' title='bbox 1271 516 1273 522; x_wconf 77' lang='grc'><strong>’</strong></span> 
     </span>
     <span class='ocr_line' id='line_1_3' title="bbox 239 631 1220 733; baseline 0.004 -30"><span class='ocrx_word' id='word_1_16' title='bbox 239 633 393 733; x_wconf 89' lang='lat' dir='ltr'><strong>legitur,</strong></span> <span class='ocrx_word' id='word_1_17' title='bbox 414 635 512 707; x_wconf 91' lang='lat' dir='ltr'><strong>idem</strong></span> <span class='ocrx_word' id='word_1_18' title='bbox 528 657 639 732; x_wconf 91' lang='lat' dir='ltr'><strong>posse</strong></span> <span class='ocrx_word' id='word_1_19' title='bbox 654 631 757 723; x_wconf 89' lang='lat' dir='ltr'><strong>fieri,</strong></span> <span class='ocrx_word' id='word_1_20' title='bbox 773 634 960 726; x_wconf 84' lang='lat' dir='ltr'><strong>ostendit,</strong></span> <span class='ocrx_word' id='word_1_21' title='bbox 974 661 1057 709; x_wconf 91' lang='lat' dir='ltr'><strong>non</strong></span> <span class='ocrx_word' id='word_1_22' title='bbox 1072 635 1220 732; x_wconf 78' lang='lat' dir='ltr'><strong>asubjec·</strong></span> 
     </span>
     <span class='ocr_line' id='line_1_4' title="bbox 240 752 1223 853; baseline 0.001 -32"><span class='ocrx_word' id='word_1_23' title='bbox 240 752 286 823; x_wconf 89' lang='lat' dir='ltr'><strong>tis</strong></span> <span class='ocrx_word' id='word_1_24' title='bbox 303 753 440 843; x_wconf 89' lang='lat' dir='ltr'><strong>modo,</strong></span> <span class='ocrx_word' id='word_1_25' title='bbox 453 767 613 824; x_wconf 88' lang='lat' dir='ltr'><strong>utrenes</strong></span> <span class='ocrx_word' id='word_1_26' title='bbox 628 767 737 840; x_wconf 91' lang='lat' dir='ltr'><strong>sunt,</strong></span> <span class='ocrx_word' id='word_1_27' title='bbox 756 752 1223 853; x_wconf 84' lang='lat' dir='ltr'><strong>sedasuperioribusetian</strong></span> 
     </span>
     <span class='ocr_line' id='line_1_5' title="bbox 240 869 1226 970; baseline 0.001 -31"><span class='ocrx_word' id='word_1_28' title='bbox 240 871 430 966; x_wconf 87' lang='lat' dir='ltr'><strong>partibus,</strong></span> <span class='ocrx_word' id='word_1_29' title='bbox 448 885 489 941; x_wconf 89' lang='lat' dir='ltr'><strong>ut</strong></span> <span class='ocrx_word' id='word_1_30' title='bbox 502 884 590 967; x_wconf 83' lang='lat' dir='ltr'><strong>puta</strong></span> <span class='ocrx_word' id='word_1_31' title='bbox 604 895 625 940; x_wconf 89' lang='lat' dir='ltr'><strong>a</strong></span> <span class='ocrx_word' id='word_1_32' title='bbox 638 886 744 968; x_wconf 85' lang='lat' dir='ltr'><strong>septo</strong></span> <span class='ocrx_word' id='word_1_33' title='bbox 763 884 1000 958; x_wconf 81' lang='lat' dir='ltr'><strong>transverso,</strong></span> <span class='ocrx_word' id='word_1_34' title='bbox 1019 870 1130 970; x_wconf 89' lang='lat' dir='ltr'><strong>puris</strong></span> <span class='ocrx_word' id='word_1_35' title='bbox 1140 869 1226 968; x_wconf 81' lang='lat' dir='ltr'><strong>copia</strong></span> 
     </span>
     <span class='ocr_line' id='line_1_6' title="bbox 240 986 1282 1089; baseline 0 -32"><span class='ocrx_word' id='word_1_36' title='bbox 240 1002 494 1086; x_wconf 72' lang='lat' dir='ltr'><strong>praegravato,</strong></span> <span class='ocrx_word' id='word_1_37' title='bbox 513 1001 550 1059; x_wconf 91' lang='lat' dir='ltr'><strong>et</strong></span> <span class='ocrx_word' id='word_1_38' title='bbox 566 986 742 1059; x_wconf 84' lang='lat' dir='ltr'><strong>deorsum</strong></span> <span class='ocrx_word' id='word_1_39' title='bbox 759 987 976 1089; x_wconf 84' lang='lat' dir='ltr'><strong>compulso,</strong></span> <span class='ocrx_word' id='word_1_40' title='bbox 997 989 1054 1061; x_wconf 88' lang='lat' dir='ltr'><strong>sic</strong></span> <span class='ocrx_word' id='word_1_41' title='bbox 1066 990 1228 1085; x_wconf 87' lang='lat' dir='ltr'><strong>enimpo-</strong></span> <span class='ocrx_word' id='word_1_42' title='bbox 1279 1038 1282 1087; x_wconf 40' lang='grc' dir='ltr'>ἱ</span> 
     </span>
     <span class='ocr_line' id='line_1_7' title="bbox 242 1104 1282 1204; baseline 0.001 -28"><span class='ocrx_word' id='word_1_43' title='bbox 242 1106 316 1177; x_wconf 89' lang='lat' dir='ltr'><strong>tius</strong></span> <span class='ocrx_word' id='word_1_44' title='bbox 337 1130 450 1202; x_wconf 90' lang='lat' dir='ltr'><strong>quam</strong></span> <span class='ocrx_word' id='word_1_45' title='bbox 477 1130 545 1203; x_wconf 89' lang='lat' dir='ltr'><strong>per</strong></span> <span class='ocrx_word' id='word_1_46' title='bbox 571 1128 797 1178; x_wconf 88' lang='lat' dir='ltr'><strong>consensum</strong></span> <span class='ocrx_word' id='word_1_47' title='bbox 819 1104 1024 1204; x_wconf 82' lang='lat' dir='ltr'><strong>quemdam</strong></span> <span class='ocrx_word' id='word_1_48' title='bbox 1054 1121 1095 1179; x_wconf 85' lang='lat' dir='ltr'><strong>et</strong></span> <span class='ocrx_word' id='word_1_49' title='bbox 1117 1118 1231 1204; x_wconf 72' lang='lat' dir='ltr'><strong>cogna</strong></span> <span class='ocrx_word' id='word_1_50' title='bbox 1280 1150 1282 1157; x_wconf 93' lang='lat'>·</span> 
     </span>
     <span class='ocr_line' id='line_1_8' title="bbox 243 1222 1232 1323; baseline 0.001 -29"><span class='ocrx_word' id='word_1_51' title='bbox 243 1225 384 1295; x_wconf 88' lang='lat' dir='ltr'><strong>tionem</strong></span> <span class='ocrx_word' id='word_1_52' title='bbox 410 1222 605 1295; x_wconf 84' lang='lat' dir='ltr'><strong>historiam</strong></span> <span class='ocrx_word' id='word_1_53' title='bbox 632 1222 732 1294; x_wconf 86' lang='lat' dir='ltr'><strong>illam</strong></span> <span class='ocrx_word' id='word_1_54' title='bbox 763 1222 1027 1323; x_wconf 78' lang='lat' dir='ltr'><strong>explicandam</strong></span> <span class='ocrx_word' id='word_1_55' title='bbox 1047 1247 1133 1297; x_wconf 87' lang='lat' dir='ltr'><strong>esse</strong></span> <span class='ocrx_word' id='word_1_56' title='bbox 1160 1247 1232 1295; x_wconf 81' lang='lat' dir='ltr'><strong>con·</strong></span> 
     </span>
     <span class='ocr_line' id='line_1_9' title="bbox 240 1340 1233 1439; baseline 0.001 -27"><span class='ocrx_word' id='word_1_57' title='bbox 240 1342 351 1436; x_wconf 87' lang='lat' dir='ltr'><strong>jicio,</strong></span> <span class='ocrx_word' id='word_1_58' title='bbox 369 1341 693 1438; x_wconf 84' lang='lat' dir='ltr'><strong>quemadmodum</strong></span> <span class='ocrx_word' id='word_1_59' title='bbox 710 1341 758 1413; x_wconf 90' lang='lat' dir='ltr'><strong>ab</strong></span> <span class='ocrx_word' id='word_1_60' title='bbox 779 1340 912 1414; x_wconf 88' lang='lat' dir='ltr'><strong>eodem</strong></span> <span class='ocrx_word' id='word_1_61' title='bbox 928 1356 1057 1439; x_wconf 88' lang='lat' dir='ltr'><strong>septo,</strong></span> <span class='ocrx_word' id='word_1_62' title='bbox 1074 1342 1233 1438; x_wconf 71' lang='lat' dir='ltr'><strong>viaque,</strong></span> 
     </span>
     <span class='ocr_line' id='line_1_10' title="bbox 244 1455 1235 1556; baseline 0 -29"><span class='ocrx_word' id='word_1_63' title='bbox 244 1472 310 1528; x_wconf 90' lang='lat' dir='ltr'><strong>aut</strong></span> <span class='ocrx_word' id='word_1_64' title='bbox 326 1458 516 1530; x_wconf 86' lang='lat' dir='ltr'><strong>crassioris</strong></span> <span class='ocrx_word' id='word_1_65' title='bbox 533 1459 606 1530; x_wconf 89' lang='lat' dir='ltr'><strong>seri</strong></span> <span class='ocrx_word' id='word_1_66' title='bbox 624 1457 825 1556; x_wconf 90' lang='lat' dir='ltr'><strong>depresso,</strong></span> <span class='ocrx_word' id='word_1_67' title='bbox 843 1455 913 1529; x_wconf 86' lang='lat' dir='ltr'><strong>tihi</strong></span> <span class='ocrx_word' id='word_1_68' title='bbox 932 1458 1025 1531; x_wconf 88' lang='lat' dir='ltr'><strong>alias</strong></span> <span class='ocrx_word' id='word_1_69' title='bbox 1043 1455 1104 1555; x_wconf 86' lang='grc' dir='ltr'><strong>(ι)</strong></span> <span class='ocrx_word' id='word_1_70' title='bbox 1128 1477 1235 1529; x_wconf 85' lang='lat' dir='ltr'><strong>mont·</strong></span> 
     </span>
     <span class='ocr_line' id='line_1_11' title="bbox 244 1573 1237 1675; baseline -0.002 -30"><span class='ocrx_word' id='word_1_71' title='bbox 244 1575 340 1645; x_wconf 87' lang='lat' dir='ltr'><strong>travi</strong></span> <span class='ocrx_word' id='word_1_72' title='bbox 357 1574 551 1660; x_wconf 85' lang='lat' dir='ltr'><strong>duritiem,</strong></span> <span class='ocrx_word' id='word_1_73' title='bbox 567 1591 631 1646; x_wconf 89' lang='lat' dir='ltr'><strong>aut</strong></span> <span class='ocrx_word' id='word_1_74' title='bbox 646 1575 816 1648; x_wconf 90' lang='lat' dir='ltr'><strong>dolorem</strong></span> <span class='ocrx_word' id='word_1_75' title='bbox 835 1578 874 1646; x_wconf 90' lang='lat' dir='ltr'><strong>in</strong></span> <span class='ocrx_word' id='word_1_76' title='bbox 892 1573 1237 1675; x_wconf 77' lang='lat' dir='ltr'><strong>superioribusren·</strong></span> 
     </span>
     <span class='ocr_line' id='line_1_12' title="bbox 245 1686 1236 1788; baseline 0 -27"><span class='ocrx_word' id='word_1_77' title='bbox 245 1693 313 1761; x_wconf 89' lang='lat' dir='ltr'><strong>tris</strong></span> <span class='ocrx_word' id='word_1_78' title='bbox 332 1692 551 1788; x_wconf 87' lang='lat' dir='ltr'><strong>regionibus</strong></span> <span class='ocrx_word' id='word_1_79' title='bbox 571 1709 737 1765; x_wconf 89' lang='lat' dir='ltr'><strong>creatum</strong></span> <span class='ocrx_word' id='word_1_80' title='bbox 756 1719 844 1767; x_wconf 81' lang='lat' dir='ltr'><strong>esse.</strong></span> <span class='ocrx_word' id='word_1_81' title='bbox 862 1697 973 1765; x_wconf 89' lang='lat' dir='ltr'><strong>Nunc</strong></span> <span class='ocrx_word' id='word_1_82' title='bbox 992 1708 1126 1767; x_wconf 86' lang='lat' dir='ltr'><strong>autem</strong></span> <span class='ocrx_word' id='word_1_83' title='bbox 1142 1686 1236 1763; x_wconf 77' lang='lat' dir='ltr'><strong>nealt</strong></span> 
     </span>
     <span class='ocr_line' id='line_1_13' title="bbox 247 1807 1238 1908; baseline 0.001 -28"><span class='ocrx_word' id='word_1_84' title='bbox 247 1807 1238 1908; x_wconf 76' lang='lat' dir='ltr'><strong>renibus,aliisvequaehypochondriissuhjectoesunt,</strong></span> 
     </span>
     <span class='ocr_line' id='line_1_14' title="bbox 245 1923 1238 2022; baseline 0.004 -27"><span class='ocrx_word' id='word_1_85' title='bbox 245 1923 420 2022; x_wconf 72' lang='lat' dir='ltr'><strong>vpartibus</strong></span> <span class='ocrx_word' id='word_1_86' title='bbox 438 1927 678 2016; x_wconf 85' lang='lat' dir='ltr'><strong>recedamus,</strong></span> <span class='ocrx_word' id='word_1_87' title='bbox 696 1927 774 1999; x_wconf 92' lang='lat' dir='ltr'><strong>huc</strong></span> <span class='ocrx_word' id='word_1_88' title='bbox 793 1927 863 2000; x_wconf 88' lang='lat' dir='ltr'><strong>tibi</strong></span> <span class='ocrx_word' id='word_1_89' title='bbox 882 1925 1103 1999; x_wconf 83' lang='lat' dir='ltr'><strong>addendam</strong></span> <span class='ocrx_word' id='word_1_90' title='bbox 1131 1948 1238 1999; x_wconf 78' lang='lat' dir='ltr'><strong>cente·</strong></span> 
     </span>
     <span class='ocr_line' id='line_1_15' title="bbox 250 2041 1240 2143; baseline 0.001 -31"><span class='ocrx_word' id='word_1_91' title='bbox 250 2066 335 2114; x_wconf 90' lang='lat' dir='ltr'><strong>mus</strong></span> <span class='ocrx_word' id='word_1_92' title='bbox 348 2043 392 2113; x_wconf 86' lang='lat' dir='ltr'><strong>cl.</strong></span> <span class='ocrx_word' id='word_1_93' title='bbox 414 2041 588 2143; x_wconf 90' lang='lat' dir='ltr'><strong>Bonfiglii</strong></span> <span class='ocrx_word' id='word_1_94' title='bbox 604 2044 663 2143; x_wconf 70' lang='grc' dir='ltr'><strong>(ι)</strong></span> <span class='ocrx_word' id='word_1_95' title='bbox 679 2044 1003 2133; x_wconf 87' lang='lat' dir='ltr'><strong>observationem,</strong></span> <span class='ocrx_word' id='word_1_96' title='bbox 1020 2068 1142 2142; x_wconf 87' lang='lat' dir='ltr'><strong>quam</strong></span> <span class='ocrx_word' id='word_1_97' title='bbox 1157 2043 1240 2116; x_wconf 81' lang='lat' dir='ltr'><strong>siat·</strong></span> 
     </span>
     <span class='ocr_line' id='line_1_16' title="bbox 251 2155 1241 2260; baseline -0.003 -29"><span class='ocrx_word' id='word_1_98' title='bbox 251 2174 354 2232; x_wconf 81' lang='lat' dir='ltr'><strong>tante</strong></span> <span class='ocrx_word' id='word_1_99' title='bbox 387 2160 511 2260; x_wconf 90' lang='lat' dir='ltr'><strong>legas,</strong></span> <span class='ocrx_word' id='word_1_100' title='bbox 542 2162 648 2234; x_wconf 81' lang='lat' dir='ltr'><strong>facile</strong></span> <span class='ocrx_word' id='word_1_101' title='bbox 676 2163 861 2260; x_wconf 85' lang='lat' dir='ltr'><strong>intelliges</strong></span> <span class='ocrx_word' id='word_1_102' title='bbox 883 2163 1164 2249; x_wconf 87' lang='lat' dir='ltr'><strong>inveteratum,</strong></span> <span class='ocrx_word' id='word_1_103' title='bbox 1190 2155 1241 2256; x_wconf 87' lang='lat' dir='ltr'><strong>qui</strong></span> 
     </span>
     <span class='ocr_line' id='line_1_17' title="bbox 250 2278 1241 2378; baseline -0.001 -30"><span class='ocrx_word' id='word_1_104' title='bbox 250 2279 341 2348; x_wconf 89' lang='lat' dir='ltr'><strong>olim</strong></span> <span class='ocrx_word' id='word_1_105' title='bbox 366 2281 404 2349; x_wconf 92' lang='lat' dir='ltr'><strong>in</strong></span> <span class='ocrx_word' id='word_1_106' title='bbox 433 2279 727 2378; x_wconf 90' lang='lat' dir='ltr'><strong>hypochondrio</strong></span> <span class='ocrx_word' id='word_1_107' title='bbox 760 2279 915 2352; x_wconf 81' lang='lat' dir='ltr'><strong>dextero</strong></span> <span class='ocrx_word' id='word_1_108' title='bbox 944 2278 1241 2377; x_wconf 77' lang='lat' dir='ltr'><strong>percipiebatur,</strong></span> 
     </span>
     <span class='ocr_line' id='line_1_18' title="bbox 251 2392 1243 2495; baseline 0 -28"><span class='ocrx_word' id='word_1_109' title='bbox 251 2410 438 2468; x_wconf 90' lang='lat' dir='ltr'><strong>tumorem</strong></span> <span class='ocrx_word' id='word_1_110' title='bbox 461 2397 514 2468; x_wconf 88' lang='lat' dir='ltr'><strong>nil</strong></span> <span class='ocrx_word' id='word_1_111' title='bbox 531 2397 633 2469; x_wconf 93' lang='lat' dir='ltr'><strong>aliud</strong></span> <span class='ocrx_word' id='word_1_112' title='bbox 650 2395 761 2471; x_wconf 88' lang='lat' dir='ltr'><strong>fuisse</strong></span> <span class='ocrx_word' id='word_1_113' title='bbox 774 2421 888 2495; x_wconf 89' lang='lat' dir='ltr'><strong>quam</strong></span> <span class='ocrx_word' id='word_1_114' title='bbox 907 2398 1130 2495; x_wconf 88' lang='lat' dir='ltr'><strong>renem-qui</strong></span> <span class='ocrx_word' id='word_1_115' title='bbox 1146 2392 1243 2492; x_wconf 79' lang='lat' dir='ltr'><strong>magis</strong></span> 
     </span>
    </p>

    <p class='ocr_par' dir='ltr' id='par_1_3' title="bbox 147 2509 1247 3420">
     <span class='ocr_line' id='line_1_19' title="bbox 147 2509 1243 2613; baseline -0.005 -30"><span class='ocrx_word' id='word_1_116' title='bbox 147 2555 152 2566; x_wconf 90' lang='lat'><strong>·</strong></span> <span class='ocrx_word' id='word_1_117' title='bbox 203 2603 206 2607; x_wconf 65' lang='lat'><strong>,</strong></span> <span class='ocrx_word' id='word_1_118' title='bbox 252 2515 446 2612; x_wconf 87' lang='lat' dir='ltr'><strong>magisque</strong></span> <span class='ocrx_word' id='word_1_119' title='bbox 477 2513 739 2613; x_wconf 85' lang='lat' dir='ltr'><strong>augescendo,</strong></span> <span class='ocrx_word' id='word_1_120' title='bbox 770 2539 790 2586; x_wconf 91' lang='lat' dir='ltr'><strong>e</strong></span> <span class='ocrx_word' id='word_1_121' title='bbox 820 2536 886 2586; x_wconf 88' lang='lat' dir='ltr'><strong>sua</strong></span> <span class='ocrx_word' id='word_1_122' title='bbox 915 2513 1074 2585; x_wconf 89' lang='lat' dir='ltr'><strong>demum</strong></span> <span class='ocrx_word' id='word_1_123' title='bbox 1109 2511 1196 2587; x_wconf 84' lang='lat' dir='ltr'><strong>sede</strong></span> <span class='ocrx_word' id='word_1_124' title='bbox 1214 2509 1243 2579; x_wconf 87' lang='lat' dir='ltr'><strong>iu</strong></span> 
     </span>
     <span class='ocr_line' id='line_1_20' title="bbox 252 2629 1245 2730; baseline 0.001 -32"><span class='ocrx_word' id='word_1_125' title='bbox 252 2631 396 2703; x_wconf 86' lang='lat' dir='ltr'><strong>iliacam</strong></span> <span class='ocrx_word' id='word_1_126' title='bbox 418 2633 610 2730; x_wconf 83' lang='lat' dir='ltr'><strong>regionem</strong></span> <span class='ocrx_word' id='word_1_127' title='bbox 630 2632 863 2730; x_wconf 87' lang='lat' dir='ltr'><strong>prociderat,</strong></span> <span class='ocrx_word' id='word_1_128' title='bbox 889 2629 955 2702; x_wconf 90' lang='lat' dir='ltr'><strong>ubi</strong></span> <span class='ocrx_word' id='word_1_129' title='bbox 971 2631 1245 2729; x_wconf 84' lang='lat' dir='ltr'><strong>quintuplona·</strong></span> 
     </span>
     <span class='ocr_line' id='line_1_21' title="bbox 254 2747 1245 2846; baseline -0.002 -28"><span class='ocrx_word' id='word_1_130' title='bbox 254 2749 366 2820; x_wconf 91' lang='lat' dir='ltr'><strong>turali</strong></span> <span class='ocrx_word' id='word_1_131' title='bbox 380 2751 500 2844; x_wconf 78' lang='lat' dir='ltr'><strong>major</strong></span> <span class='ocrx_word' id='word_1_132' title='bbox 513 2766 686 2846; x_wconf 87' lang='lat' dir='ltr'><strong>repertus</strong></span> <span class='ocrx_word' id='word_1_133' title='bbox 703 2765 768 2822; x_wconf 87' lang='lat' dir='ltr'><strong>est.</strong></span> <span class='ocrx_word' id='word_1_134' title='bbox 780 2749 894 2841; x_wconf 90' lang='lat' dir='ltr'><strong>Quod</strong></span> <span class='ocrx_word' id='word_1_135' title='bbox 911 2772 1003 2820; x_wconf 81' lang='lat' dir='ltr'><strong>vero</strong></span> <span class='ocrx_word' id='word_1_136' title='bbox 1024 2747 1075 2822; x_wconf 91' lang='lat' dir='ltr'><strong>ad</strong></span> <span class='ocrx_word' id='word_1_137' title='bbox 1093 2750 1184 2823; x_wconf 85' lang='lat' dir='ltr'><strong>alias</strong></span> <span class='ocrx_word' id='word_1_138' title='bbox 1204 2760 1245 2818; x_wconf 90' lang='lat' dir='ltr'><strong>at·</strong></span> 
     </span>
     <span class='ocr_line' id='line_1_22' title="bbox 256 2865 1247 2965; baseline -0.001 -29"><span class='ocrx_word' id='word_1_139' title='bbox 256 2868 502 2965; x_wconf 83' lang='lat' dir='ltr'><strong>tinetpartes,</strong></span> <span class='ocrx_word' id='word_1_140' title='bbox 520 2867 566 2938; x_wconf 89' lang='lat' dir='ltr'><strong>cl.</strong></span> <span class='ocrx_word' id='word_1_141' title='bbox 580 2865 770 2939; x_wconf 87' lang='lat' dir='ltr'><strong>Goekelins</strong></span> <span class='ocrx_word' id='word_1_142' title='bbox 781 2866 837 2964; x_wconf 83' lang='lat'><strong>(3)</strong></span> <span class='ocrx_word' id='word_1_143' title='bbox 850 2865 1038 2955; x_wconf 85' lang='lat' dir='ltr'><strong>ostendet,</strong></span> <span class='ocrx_word' id='word_1_144' title='bbox 1050 2867 1101 2941; x_wconf 93' lang='lat' dir='ltr'><strong>ab</strong></span> <span class='ocrx_word' id='word_1_145' title='bbox 1109 2878 1247 2941; x_wconf 82' lang='lat' dir='ltr'><strong>omento</strong></span> 
     </span>
     <span class='ocr_line' id='line_1_23' title="bbox 254 2981 1246 3081; baseline -0.001 -27"><span class='ocrx_word' id='word_1_146' title='bbox 254 2981 446 3055; x_wconf 85' lang='lat' dir='ltr'><strong>skirrhosa</strong></span> <span class='ocrx_word' id='word_1_147' title='bbox 460 2983 692 3081; x_wconf 88' lang='lat' dir='ltr'><strong>pinguedine</strong></span> <span class='ocrx_word' id='word_1_148' title='bbox 707 2999 818 3055; x_wconf 90' lang='lat' dir='ltr'><strong>aucto</strong></span> <span class='ocrx_word' id='word_1_149' title='bbox 835 2984 971 3056; x_wconf 86' lang='lat' dir='ltr'><strong>lienem</strong></span> <span class='ocrx_word' id='word_1_150' title='bbox 991 2999 1121 3059; x_wconf 87' lang='lat' dir='ltr'><strong>totum</strong></span> <span class='ocrx_word' id='word_1_151' title='bbox 1138 2987 1190 3060; x_wconf 90' lang='lat' dir='ltr'><strong>sic</strong></span> <span class='ocrx_word' id='word_1_152' title='bbox 1202 2984 1246 3055; x_wconf 93' lang='lat' dir='ltr'><strong>in·</strong></span> 
     </span>
     <span class='ocr_line' id='line_1_24' title="bbox 256 3098 1247 3200; baseline 0.01 -32"><span class='ocrx_word' id='word_1_153' title='bbox 256 3100 427 3171; x_wconf 89' lang='lat' dir='ltr'><strong>volutum</strong></span> <span class='ocrx_word' id='word_1_154' title='bbox 452 3098 585 3190; x_wconf 84' lang='lat' dir='ltr'><strong>fuisse,</strong></span> <span class='ocrx_word' id='word_1_155' title='bbox 607 3116 649 3172; x_wconf 90' lang='lat' dir='ltr'><strong>ut</strong></span> <span class='ocrx_word' id='word_1_156' title='bbox 671 3117 874 3199; x_wconf 88' lang='lat' dir='ltr'><strong>propterea</strong></span> <span class='ocrx_word' id='word_1_157' title='bbox 896 3103 935 3172; x_wconf 89' lang='lat' dir='ltr'><strong>in</strong></span> <span class='ocrx_word' id='word_1_158' title='bbox 956 3103 1122 3177; x_wconf 88' lang='lat' dir='ltr'><strong>viventis</strong></span> <span class='ocrx_word' id='word_1_159' title='bbox 1144 3102 1247 3200; x_wconf 70' lang='lat' dir='ltr'><strong>hypo·</strong></span> 
     </span>
     <span class='ocr_line' id='line_1_25' title="bbox 257 3215 1247 3316; baseline 0.006 -31"><span class='ocrx_word' id='word_1_160' title='bbox 257 3215 444 3287; x_wconf 90' lang='lat' dir='ltr'><strong>chondrio</strong></span> <span class='ocrx_word' id='word_1_161' title='bbox 465 3219 617 3291; x_wconf 89' lang='lat' dir='ltr'><strong>sinistro</strong></span> <span class='ocrx_word' id='word_1_162' title='bbox 634 3220 664 3291; x_wconf 91' lang='lat' dir='ltr'><strong>is</strong></span> <span class='ocrx_word' id='word_1_163' title='bbox 683 3234 825 3309; x_wconf 90' lang='lat' dir='ltr'><strong>tumor,</strong></span> <span class='ocrx_word' id='word_1_164' title='bbox 841 3243 960 3316; x_wconf 89' lang='lat' dir='ltr'><strong>eaque</strong></span> <span class='ocrx_word' id='word_1_165' title='bbox 970 3220 1179 3295; x_wconf 88' lang='lat' dir='ltr'><strong>renitentia</strong></span> <span class='ocrx_word' id='word_1_166' title='bbox 1187 3215 1247 3291; x_wconf 79' lang='lat' dir='ltr'><strong>fue</strong></span> 
     </span>
     <span class='ocr_line' id='line_1_26' title="bbox 257 3333 1246 3420; baseline 0.007 -20"><span class='ocrx_word' id='word_1_167' title='bbox 257 3333 316 3420; x_wconf 91' lang='lat' dir='ltr'><strong>rit,</strong></span> <span class='ocrx_word' id='word_1_168' title='bbox 332 3348 374 3404; x_wconf 82' lang='lat' dir='ltr'><strong>ut</strong></span> <span class='ocrx_word' id='word_1_169' title='bbox 383 3333 490 3406; x_wconf 89' lang='lat' dir='ltr'><strong>lienis</strong></span> <span class='ocrx_word' id='word_1_170' title='bbox 498 3335 683 3407; x_wconf 78' lang='lat' dir='ltr'><strong>slirrhum</strong></span> <span class='ocrx_word' id='word_1_171' title='bbox 691 3352 824 3419; x_wconf 74' lang='lat' dir='ltr'><strong>exacte</strong></span> <span class='ocrx_word' id='word_1_172' title='bbox 833 3343 1064 3409; x_wconf 82' lang='lat' dir='ltr'><strong>mentiretur.</strong></span> <span class='ocrx_word' id='word_1_173' title='bbox 1073 3333 1246 3413; x_wconf 73' lang='lat' dir='ltr'><strong>schuch-</strong></span> 
     </span>
    </p>
   </div>
   <div class='ocr_carea' id='block_1_3' title="bbox 295 3715 1050 4021">
    <p class='ocr_par' dir='ltr' id='par_1_4' title="bbox 295 3715 1050 4021">
     <span class='ocr_line' id='line_1_27' title="bbox 295 3715 1050 3793; baseline 0.008 -24"><span class='ocrx_word' id='word_1_174' title='bbox 295 3715 340 3791; x_wconf 66' lang='grc' dir='ltr'><strong>μ)</strong></span> <span class='ocrx_word' id='word_1_175' title='bbox 360 3719 453 3791; x_wconf 84' lang='lat' dir='ltr'><strong>Epist.</strong></span> <span class='ocrx_word' id='word_1_176' title='bbox 472 3718 521 3788; x_wconf 88' lang='lat'><strong>16,</strong></span> <span class='ocrx_word' id='word_1_177' title='bbox 535 3738 565 3774; x_wconf 89' lang='lat' dir='ltr'><strong>n.</strong></span> <span class='ocrx_word' id='word_1_178' title='bbox 581 3719 634 3789; x_wconf 78' lang='lat'><strong>26,</strong></span> <span class='ocrx_word' id='word_1_179' title='bbox 650 3717 784 3793; x_wconf 82' lang='lat' dir='ltr'><strong>etEpist.</strong></span> <span class='ocrx_word' id='word_1_180' title='bbox 797 3718 852 3789; x_wconf 82' lang='lat'><strong>30,</strong></span> <span class='ocrx_word' id='word_1_181' title='bbox 866 3739 896 3776; x_wconf 87' lang='lat' dir='ltr'><strong>n.</strong></span> <span class='ocrx_word' id='word_1_182' title='bbox 910 3721 987 3777; x_wconf 66' lang='lat' dir='ltr'><strong>doct</strong></span> <span class='ocrx_word' id='word_1_183' title='bbox 1000 3725 1050 3786; x_wconf 72' lang='lat' dir='ltr'><strong>lt.</strong></span> 
     </span>
     <span class='ocr_line' id='line_1_28' title="bbox 297 3827 719 3906; baseline 0.012 -23"><span class='ocrx_word' id='word_1_184' title='bbox 297 3827 341 3903; x_wconf 75' lang='lat' dir='ltr'><strong>(a)</strong></span> <span class='ocrx_word' id='word_1_185' title='bbox 360 3833 398 3885; x_wconf 92' lang='lat' dir='ltr'><strong>N.</strong></span> <span class='ocrx_word' id='word_1_186' title='bbox 417 3833 450 3887; x_wconf 90' lang='lat' dir='ltr'><strong>C.</strong></span> <span class='ocrx_word' id='word_1_187' title='bbox 466 3843 543 3889; x_wconf 86' lang='lat' dir='ltr'><strong>cent.</strong></span> <span class='ocrx_word' id='word_1_188' title='bbox 557 3852 592 3906; x_wconf 89' lang='lat'><strong>9,</strong></span> <span class='ocrx_word' id='word_1_189' title='bbox 609 3833 674 3888; x_wconf 85' lang='lat' dir='ltr'><strong>obs.</strong></span> <span class='ocrx_word' id='word_1_190' title='bbox 692 3839 719 3898; x_wconf 76' lang='grc'><strong>4.</strong></span> 
     </span>
     <span class='ocr_line' id='line_1_29' title="bbox 297 3941 852 4021; baseline 0.007 -22"><span class='ocrx_word' id='word_1_191' title='bbox 297 3941 340 4018; x_wconf 77' lang='lat'><strong>(3)</strong></span> <span class='ocrx_word' id='word_1_192' title='bbox 360 3947 396 3999; x_wconf 87' lang='lat' dir='ltr'><strong>N.</strong></span> <span class='ocrx_word' id='word_1_193' title='bbox 413 3948 445 4003; x_wconf 92' lang='lat' dir='ltr'><strong>C.</strong></span> <span class='ocrx_word' id='word_1_194' title='bbox 459 3958 535 4002; x_wconf 83' lang='lat' dir='ltr'><strong>cent.</strong></span> <span class='ocrx_word' id='word_1_195' title='bbox 549 3947 584 4018; x_wconf 89' lang='lat'><strong>6,</strong></span> <span class='ocrx_word' id='word_1_196' title='bbox 601 3947 664 4003; x_wconf 86' lang='lat' dir='ltr'><strong>obs.</strong></span> <span class='ocrx_word' id='word_1_197' title='bbox 678 3954 716 4021; x_wconf 76' lang='lat'><strong>94</strong></span> <span class='ocrx_word' id='word_1_198' title='bbox 730 3949 811 4004; x_wconf 84' lang='lat' dir='ltr'><strong>adn.</strong></span> <span class='ocrx_word' id='word_1_199' title='bbox 825 3967 852 4018; x_wconf 87' lang='lat'><strong>7.</strong></span> 
     </span>
    </p>
   </div>
   <div class='ocr_carea' id='block_1_4' title="bbox 0 0 1328 4514">
    <p class='ocr_par' dir='ltr' id='par_1_5' title="bbox 0 0 1328 4514">
     <span class='ocr_line' id='line_1_30' title="bbox 0 0 1328 4514; baseline 0 0"><span class='ocrx_word' id='word_1_200' title='bbox 0 0 1328 4514; x_wconf 95' lang='lat' dir='ltr'><strong> </strong></span> 
     </span>
    </p>
   </div>
  </div>
 </body>
</html>
