2580 4514
203 411 273 455 nra.
302 408 358 453 111.
386 407 432 452 nn
459 404 594 451 uoums
620 405 791 468 vaurms,
816 406 927 451 neisr.
955 409 1050 453 xxix.
1086 388 1151 459 163

138 520 204 592 Ibi
221 534 347 590 autem
373 519 442 589 etsi
467 534 619 588 carneas
644 519 914 589 excrescentias
941 543 1019 591 esse
1045 547 1153 618 posse

139 637 311 707 diximus
341 636 419 707 sine
446 635 740 721 exulceratione3
763 658 849 704 cum
875 635 1154 734 abrumpuntur
1183 669 1186 675 ·

141 770 275 826 tamen
293 767 330 824 et
345 751 543 840 excidunt,
563 752 670 822 ulcus
684 749 766 822 ficri
786 751 923 823 debere
936 757 973 822 in
994 782 1039 827 eo
1053 757 1153 828 unde

139 872 315 968 abruptae
333 884 442 956 sunt,
463 869 569 955 loco,
597 852 636 938 id
658 894 748 940 vero
771 895 894 966 neque
917 875 1153 969 negavimuS,

140 1005 179 1060 et
194 1014 266 1087 per
283 1013 322 1059 se
340 984 579 1059 manifestum
603 1003 667 1057 est.
687 991 806 1057 Porro
824 1003 916 1058 tunc
933 990 982 1058 ita
1005 989 1051 1061 de
1064 1015 1152 1062 ven·

139 1106 281 1177 triculo
313 1104 427 1176 verba
452 1101 701 1189 faciebamus,
729 1120 770 1172 ut
801 1103 930 1174 eadem
962 1104 1154 1178 transferri

139 1247 252 1322 posse
291 1221 338 1291 ad
371 1224 544 1293 intestina
589 1236 807 1318 appareret,
838 1223 914 1291 imo
947 1223 1150 1319 quamdam

138 1341 370 1413 Avenzoaris
390 1363 588 1409 verrucam
605 1337 655 1408 ob
674 1337 969 1435 magnitudinem
989 1364 1100 1437 quam
1112 1344 1152 1412 in

137 1457 376 1545 ventriculo,
406 1457 435 1527 si
462 1456 704 1552 epigastrium
725 1469 915 1550 tangeres,
935 1454 1074 1530 habere
1098 1461 1152 1528 vi-

137 1576 326 1664 debatur,
345 1599 424 1645 non
448 1574 485 1644 in
502 1574 590 1654 isto,
612 1572 676 1642 sed
697 1575 736 1641 in
761 1573 902 1670 attiguo
916 1577 1041 1670 potius
1064 1561 1147 1649 colo

138 1670 267 1764 natam
311 1716 388 1762 esse
425 1691 717 1789 suspicabamur.
746 1693 867 1780 Quam
899 1695 1150 1790 suspicionem

132 1811 244 1907 juvat
265 1809 328 1880 hic
342 1807 520 1906 exemplis
538 1807 705 1902 ejusdem
720 1810 758 1877 in
770 1810 988 1882 universum
1005 1814 1150 1907 generis

137 1930 190 1999 ita
216 1924 462 2014 confirmare,
480 1942 521 1996 ut
546 1926 659 1997 simul
678 1927 842 2023 denique
863 1927 901 1996 id
932 1928 1036 2024 quod
1058 1937 1148 2027 pro'·

138 2046 358 2143 posuimus,
375 2043 628 2115 ostendamus.
648 2049 666 2114 J
671 2071 704 2114 0.
725 2047 885 2142 Baptista
901 2047 1147 2144 Cortesius(1)

138 2163 269 2234 locum
286 2159 626 2258 Galeniproferens
643 2187 687 2231 ex
713 2187 790 2258 quo
818 2161 1046 2259 intelligatur
1070 2189 1149 2233 non

137 2279 260 2353 modo
283 2278 458 2349 indurata
487 2294 669 2366 stercora,
697 2276 761 2350 sed
789 2294 826 2350 et
847 2278 965 2349 moles
991 2280 1150 2377 alicujus

136 2402 315 2496 corporis
324 2411 470 2494 proeter
482 2412 659 2467 naturam
679 2401 716 2467 in
735 2400 914 2466 intestinis
935 2403 1149 2488 existentes,

131 2514 214 2611 jam
226 2513 274 2584 ab
287 2537 332 2584 eo
345 2513 546 2586 recensitas
557 2510 669 2584 fuisse
679 2515 778 2583 inter
791 2537 918 2584 causas
931 2539 1013 2610 quas
1024 2515 1148 2585 alvum

135 2631 351 2705 obstruant.
375 2630 597 2702 Galenicum
624 2630 760 2727 dogma
784 2628 854 2698 hac
882 2654 947 2699 sua
972 2630 1148 2703 observa·

134 2752 242 2823 tione
257 2744 517 2834 confirmavit,
534 2746 657 2828 hahita
678 2748 716 2815 iu
734 2746 911 2816 cadavere
930 2749 1084 2818 Comitis
1100 2747 1146 2835 de

136 2866 347 2941 Caldarinis
360 2866 504 2961 patricii
521 2865 780 2935 Bononiensis.
798 2863 945 2933 Scilicet
957 2870 994 2935 in
1007 2870 1157 2947 nouitas,

139 3000 173 3055 te
190 2983 271 3055 coli
285 2987 451 3053 intestini
464 2997 611 3080 reperta
618 2983 702 3075 fuit
719 2986 845 3078 ingens
853 2987 982 3077 portio
999 2990 1143 3084 cernis,

136 3126 224 3198 quoe
238 3125 311 3172 sua
330 3099 427 3173 mole
451 3116 535 3169 eras
556 3098 839 3196 impedimento,
857 3107 1055 3194 quominus
1075 3127 1142 3174 ex·

139 3232 331 3290 crementa
361 3215 581 3287 descendere
597 3230 772 3313 possent,
798 3231 836 3283 et
860 3240 909 3285 ese
934 3215 1150 3312 hujusmodi

142 3337 279 3406 morbo
313 3333 427 3408 maloe
464 3338 719 3405 intestinorum
750 3324 1026 3432 compositionis
1057 3343 1150 3424 inte·

144 3467 307 3550 remptus
324 3466 386 3522 est.
405 3451 525 3540 Quam
541 3474 610 3548 ego
632 3474 779 3523 causam
795 3458 989 3539 maximae,
1010 3468 1053 3549 ut
1068 3454 1147 3551 ipse

145 3572 208 3659 ait,
229 3567 540 3641 considerationis
561 3567 621 3637 hic
638 3566 706 3638 tibi
720 3568 823 3639 volui
846 3571 1009 3641 auctoris
1023 3572 1147 3645 verbis

148 3785 1150 3813 u—-n—-n-——n———u--n-——n—*q

184 3946 223 4023 (r)
246 3948 372 4003 Miscell.
388 3948 465 4001 med.
480 3948 543 4003 dec.
561 3954 591 4016 l,
607 3967 631 4002 e.
647 3949 674 4002 8.
