2580 4514
302 300 315 337 t

134 360 205 457 [196
299 382 344 426 ne
371 379 516 425 SEDIBUS
542 380 585 424 ET
611 377 735 425 censis
762 378 981 426 mononem

135 498 289 582 dicam,
314 517 465 564 necesse
497 507 578 564 est:
611 491 761 589 qualem
792 491 976 597 yidelicet
1001 492 1122 593 Fallop

135 616 220 713 pius
238 613 292 710 (ι)
307 612 365 684 bis
382 627 484 682 terve
498 635 519 678 a
537 634 575 681 se
596 611 712 680 visam
734 624 924 699 testatur,
955 614 1125 683 communi

134 731 307 802 videlicet
332 730 448 800 ductu
470 727 583 825 paulo
609 750 722 825 supra
752 728 985 800 intestinum
1007 728 1126 800 duode·

136 877 228 921 num
251 852 485 946 ingeminum
501 845 673 916 canalem
687 843 805 916 diviso
822 873 833 914 .·
856 871 980 943 quam
1000 846 1126 919 divisie

135 993 222 1039 nem
238 1021 247 1055 ‚
266 965 330 1038 sed
342 966 441 1034 inter
451 961 618 1058 ejusdem
632 962 803 1033 intestini
815 964 993 1053 tunicas,
1009 970 1046 1034 in
1055 965 1128 1036 duos

136 1108 262 1155 ramos
279 1087 456 1178 letigum,
472 1086 657 1178 separatis
670 1060 806 1150 ciculis
817 1087 926 1152 intra
940 1087 1128 1154 intestinum

135 1203 280 1273 hiantes
308 1198 422 1270 semel
452 1222 606 1294 quoque
640 1196 735 1267 vidit
765 1195 1015 1270 Abrahamus
1041 1203 1129 1270 Vate-

135 1344 200 1391 rus
219 1316 293 1414 (α).
326 1318 384 1386 Sic
414 1316 514 1386 enim
535 1313 665 1387 osculo
692 1315 811 1385 altero
841 1315 1068 1406 obstructo,
1088 1317 1129 1385 via

135 1436 202 1509 bili
225 1449 353 1534 aperta
372 1447 485 1504 restat
501 1457 569 1530 per
588 1433 745 1504 alterum
773 1432 824 1502 ad
849 1432 1047 1506 intestina.
1062 1437 1129 1505 Esse

137 1555 247 1626 etiam
267 1552 390 1650 pqtuit
407 1550 500 1620 alius
515 1549 649 1647 aliquis
668 1565 803 1648 praeter
827 1552 1128 1623 consuetudinem

70 1674 81 1689 '
139 1672 296 1757 ductus,
312 1683 352 1739 ut
372 1693 485 1764 quem
506 1668 546 1737 in
565 1667 722 1740 muliere
743 1670 837 1739 bene
855 1668 1000 1740 habita
1018 1685 1055 1741 ct
1059 1675 1129 1768 pin·

135 1795 223 1885 gui,
242 1793 347 1857 etsie
368 1792 459 1855 satis
475 1784 633 1870 valida,
655 1810 739 1856 cum
759 1787 874 1883 cystis
898 1785 1041 1860 inferta
1056 1803 1129 1860 esset

138 1905 289 1978 calculis
315 1918 352 1973 et
377 1900 544 1992 occlusa,
562 1902 784 1974 Bartholino
799 1902 867 2000 (3)
890 1907 1128 2005 inspectante,

138 2021 296 2095 offendit
314 2022 524 2119 Veslingius
543 2023 591 2092 ab
606 2022 742 2119 hepate
753 2021 1036 2118 prodeuntem,
1046 2045 1129 2121 poro

139 2143 296 2229 hilario,
316 2166 340 2210 a
362 2138 514 2211 calculis
533 2163 679 2236 quoque
697 2144 942 2236 constipato,
967 2147 1126 2221 vicinum,

138 2265 205 2357 qui
212 2265 249 2328 in
256 2260 429 2354 jejunum
440 2257 957 2349 intestinumterminabatur,
968 2276 1032 2331 aut
1038 2282 1130 2357 quem

138 2375 320 2449 Bezoldus
332 2375 387 2471 (4)
396 2373 443 2445 ab
462 2399 499 2445 se
515 2375 637 2444 visum
656 2367 854 2461 describit,
872 2390 911 2446 et
926 2377 1131 2476 pingitves·

140 2494 307 2591 lingiano
321 2492 498 2578 similem,
511 2491 627 2561 modo
642 2516 720 2561 uon
739 2490 785 2561 ad
799 2515 1071 2583 communem,
1082 2489 1132 2565 sed

141 2611 187 2682 ad
199 2612 373 2682 intestina
388 2608 618 2707 perveniret,
635 2624 700 2680 aut
714 2632 810 2705 quos
828 2611 953 2682 semel
964 2612 1134 2711 atque-ite

139 2753 224 2799 rum
235 2726 333 2797 idem
350 2724 713 2797 aDiemerbroeckio
723 2739 900 2799 ostensos
912 2751 1132 2801 commemo·

139 2861 197 2918 rat
211 2844 264 2942 (5)
281 2867 448 2916 seorsum
466 2868 486 2913 a
499 2844 690 2914 communi
711 2843 809 2914 inter
822 2845 1036 2918 vesiculam
1046 2862 1080 2920 et
1087 2846 1132 2916 in·

139 2964 272 3035 testina
289 2975 499 3058 porrectos,
516 2976 557 3031 ut
575 2985 710 3059 magna
729 2955 816 3056 pers
833 2959 926 3034 bilis
948 2965 1011 3035 vel
1029 2977 1131 3047 recta,

138 3082 197 3152 vel
218 3105 286 3178 per
300 3079 404 3148 illum
423 3075 512 3148 ferri
529 3077 575 3147 ad
591 3076 669 3149 hoec
683 3093 820 3175 posset.
837 3080 945 3170 Quas
962 3104 1132 3154 verocun-

141 3201 248 3268 tinuo
278 3194 429 3291 subjicit
452 3194 608 3265 Andreae
626 3220 647 3265 a
666 3199 817 3266 Lacuna
836 3196 1128 3282 observationes,

996 3393 1125 3414 u—-fl

239 3618 361 3673 Dissert.
375 3634 434 3691 qua
445 3636 558 3671 nonum
569 3617 638 3672 bilis
651 3616 884 3689 diverticulum,
900 3631 958 3678 etc.
974 3618 1018 3678 th.
1029 3640 1056 3693 7.

239 3722 324 3774 Ceut.
341 3738 374 3787 2,
388 3715 455 3772 hist.
470 3729 549 3772 anat.
565 3716 612 3784 54.

241 3820 320 3873 Diss.
336 3818 372 3874 de
385 3813 563 3888 cholelitho,
577 3816 623 3889 §6
636 3827 664 3874 et
677 3814 725 3892 fig.
744 3834 778 3885 1,
792 3814 891 3886 lites.
