2580 4514
197 395 266 440 arr.
285 392 340 441 ιιι.
362 391 409 442 nr
424 388 561 442 tronus
577 391 748 459 vaurms,
766 392 1050 459 nrrsmxxvm.
1077 373 1150 447 663

146 499 334 578 toralibus
350 506 493 604 aliquid
521 505 666 578 assidue
689 505 929 580 destillaverit
953 512 1025 581 seri
1054 512 1152 608 ejus·-

147 622 342 695 demmodi
357 649 399 695 ac
415 647 543 696 saccus
562 625 641 722 ipse
652 622 698 693 ad
712 622 826 696 libras
842 641 991 696 centum
1009 643 1045 699 et
1060 654 1153 726 qua·

147 739 319 839 draginta
334 741 573 828 continebam
590 740 718 836 itaque
732 743 1072 815 communicatione
1084 755 1154 843 pe'r

147 858 344 957 specillum
360 881 516 957 quoque
534 855 775 945 confirmata,
800 858 999 930 verisimile
1028 863 1150 934 visum

150 991 207 1046 est
227 974 354 1045 tubam
384 997 472 1046 suos
493 975 532 1044 in
556 976 651 1045 sacci
671 976 834 1073 parietes
852 975 1080 1073 produxisse.
1107 982 1151 1052 Et

147 1093 382 1164 Camerarius
396 1090 548 1188 quidem
571 1105 696 1188 pater,
717 1094 783 1189 qui
796 1093 999 1191 plerosque
1012 1094 1150 1168 horum

148 1210 429 1297 nominaverat,
453 1207 610 1279 modum
640 1233 794 1306 quoque
823 1212 942 1308 attigit
970 1226 1056 1308 post
1086 1206 1153 1283 ali-

144 1348 261 1424 quem
282 1348 326 1396 er
342 1323 596 1414 nostratibus,
615 1337 693 1422 quo
711 1325 825 1396 modo
844 1329 873 1398 si
893 1326 1037 1398 reditus
1064 1352 1148 1400 san·

143 1443 272 1543 guinis
290 1466 334 1513 ex
351 1443 479 1513 orario
491 1442 530 1511 in
544 1465 637 1514 vena
650 1444 870 1540 spermatica
886 1446 1147 1542 praepediatur,

145 1561 265 1660 possit
288 1572 332 1632 ex
348 1557 440 1648 hac,
457 1559 599 1657 quippe
614 1561 712 1630 iuter
725 1548 817 1632 duas
832 1565 1026 1660 peritonaei
1044 1564 1149 1635 lami·-

144 1701 214 1749 nas
231 1691 401 1776 repente,
417 1701 540 1750 serum
557 1678 653 1748 inter
667 1678 765 1774 ipsas
780 1678 953 1750 secedere
965 1680 1069 1776 juxta
1080 1685 1148 1754 Lo·

144 1788 261 1891 steri(
271 1794 301 1879 ri
315 1793 750 1893 experimentum,atque
765 1795 814 1866 ita
827 1820 888 1867 eas
898 1797 1146 1896 sejungendi),

142 1924 295 1983 saccum
314 1912 503 1984 inchoare.
525 1915 626 2004 Quas
643 1911 923 1986 observationes
944 1918 1013 1986 etsi
1039 1940 1146 1992 veras

143 2049 410 2126 agnoscamus,
425 2051 571 2102 causam
587 2044 731 2116 autem,
749 2030 778 2100 si
793 2032 907 2126 pardo
915 2056 1144 2128 quamlnune

141 2144 318 2232 fecimus,
345 2148 555 2217 accuratius
583 2160 811 2242 exponatur,
847 2162 883 2216 et
912 2148 1143 2243 probabilem

143 2261 345 2347 fateamur,
367 2276 403 2332 et
423 2260 470 2330 ad
486 2261 575 2331 alias
593 2263 704 2331 etiam
722 2260 926 2358 aliquando
947 2289 1057 2336 venas
1076 2283 1144 2365 pet

142 2377 314 2451 eamdem
337 2377 463 2450 sedem
481 2377 734 2450 discurrentes
754 2378 945 2449 transferri
964 2404 1073 2478 posse
1089 2387 1143 2456 vi·-

141 2497 316 2584 deamus;
332 2502 457 2567 tamen
473 2495 597 2566 ovaria
606 2547 619 2581 ,⁸
629 2494 761 2581 tubas,
774 2511 921 2567 uterum
938 2497 975 2568 in
996 2498 1067 2569 hoc
1079 2501 1143 2600 hy·

139 2613 259 2713 drope
285 2614 364 2684 sine
390 2611 475 2683 labe
494 2609 607 2684 fuisse
633 2626 694 2684 aut
720 2612 963 2710 intedigimus
987 2632 1049 2688 aut
1070 2620 1142 2689 sci*-

140 2744 226 2804 tuus
253 2734 291 2800 iu
311 2731 479 2827 Heiwigii
504 2729 581 2826 (a),
600 2729 754 2801 Kaiseiii
782 2729 858 2825 (3),
885 2732 1003 2804 Pohlii
1024 2739 1078 2830 td)
1103 2738 1139 2808 et

140 2848 333 2922 Mediavia
347 2846 402 2944 (5)
418 2845 764 2918 observationibus:
778 2862 814 2918 et·
831 2848 933 2945 qarod
955 2853 1070 2947 magis
1091 2851 1138 2924 ad

139 2981 354 3063 susceptum
375 2987 586 3037 sermonem
607 2967 761 3050 attinet,
790 2965 829 3033 in
861 2964 964 3034 nulla
990 2990 1035 3037 ex
1062 2991 1139 3040 mea

138 3085 294 3155 moratis
324 3081 556 3180 virginibuS,
586 3082 616 3152 si
648 3106 762 3153 unam
795 3081 973 3178 excipias,
1004 3076 1149 3157 vitium

137 3198 313 3273 hahuisse
326 3214 491 3286 constat,
506 3199 582 3269 imo
597 3201 633 3269 in
651 3199 838 3297 plerisque
854 3223 930 3268 nou
949 3197 1136 3293 habuisse,

140 3338 226 3386 cum
246 3338 334 3388 sana
356 3316 497 3386 ventris
515 3317 640 3386 omnia
661 3315 770 3388 fuisse
787 3313 960 3386 dicantur
976 3319 1142 3412 viscera,

136 3435 222 3505 satis
234 3448 398 3533 apparet.
415 3437 508 3504 Cum
527 3434 639 3532 igitur
655 3433 791 3504 haenec
807 3436 964 3532 gravidae
978 3431 1137 3526 fuerint,

170 3732 217 3811 (ι)
236 3737 336 3790 Traot.
350 3735 386 3790 de
402 3734 507 3804 corde,
522 3753 549 3791 c.
565 3751 593 3790 a.

174 3830 217 3912 (a)
238 3832 281 3909 (3)
318 3831 345 3899 ti
367 3835 424 3889 Cit.
439 3834 476 3888 ad
492 3853 521 3887 n.
539 3831 587 3890 50.

171 3931 216 4011 (a)
237 3935 335 4010 supra·
349 3942 380 3992 a.
397 3933 483 3992 san
497 3931 550 3989 aa

312 4194 317 4227 1
