2580 4514
162 112 235 157 nn.
262 111 318 158 111.
345 110 394 157 DE
419 108 556 157 lomus
580 108 752 175 vuututs,
776 110 889 158 EPIST·
916 114 998 159 XXX.
1036 117 1083 189 97

71 223 218 297 limbos
235 238 274 296 et
296 222 516 309 crassiores,
539 236 578 293 et
601 222 841 321 cartilaginea
862 222 1086 299 duritia'lia-

73 341 257 415 buerunt.
275 341 423 415 Arteria
437 342 516 437 ipsa
533 338 630 411 bene
644 342 745 411 intus
758 360 937 439 extraque
953 347 1089 417 consti·

76 476 318 557 tutazneque
330 458 406 529 ulla
418 458 577 529 omniuo
587 474 722 555 praeter
733 484 871 555 eaquae
880 460 1089 553 dictasunt,

77 578 112 648 in
126 577 288 650 thorace
306 578 394 647 vitia
410 589 676 672 apparuerunt.
703 580 824 673 Caput
842 602 909 648 cur
926 582 1087 679 attinge-

79 720 228 781 remus,
242 716 361 765 causae
378 692 475 763 nihil
488 690 568 763 fuit.

124 813 160 883 8.
184 814 280 901 Qua·
302 812 391 881 vitia
418 813 460 881 in
488 808 699 906 pericardio
727 824 765 881 et
790 812 905 883 corde
939 830 1089 913 reperta

77 946 185 1017 sunt,
203 945 394 1027 quatenus
410 928 458 1001 ad
475 927 759 1026 palpitationem
780 944 817 1001 et
836 930 1090 1005 intermitten-

72 1064 150 1122 tem
174 1049 330 1147 pulsum
342 1048 542 1136 attineant,
556 1045 636 1119 aliis
652 1072 671 1117 a
691 1071 751 1117 me
772 1048 865 1119 locis
881 1050 896 1145 (
904 1050 939 1147 ι)
958 1066 1014 1122 est
1032 1053 1090 1123 in·

71 1169 259 1240 dicatum.
272 1170 362 1256 Quae
378 1190 470 1237 vero
489 1164 528 1235 in
543 1163 639 1237 fellis
653 1165 815 1237 vesicula
829 1181 866 1238 et
879 1185 1091 1265 pancreate,

61 1286 138 1357 illa
168 1283 218 1356 ad
250 1284 434 1354 vomitum
468 1298 639 1380 spectare
670 1284 853 1355 existimo.
885 1286 1090 1361 Crederem

60 1401 237 1475 fortasse
267 1402 368 1473 illam
396 1402 508 1473 etiarn
538 1392 739 1472 ventriculi
769 1405 1090 1499 contractionem,

55 1546 147 1619 per
170 1544 289 1619 quam
308 1520 348 1590 in
367 1518 464 1591 duos
486 1518 750 1616 quadantenus
770 1520 971 1593 ridebatur
995 1522 1089 1595 divi·

52 1662 160 1724 suS,
179 1639 255 1709 nisi
270 1636 442 1709 eamdem
461 1636 531 1707 tibi
550 1650 779 1707 structuram
797 1638 834 1707 iu
848 1636 997 1711 duabus
1009 1642 1090 1715 aliis

49 1754 305 1828 mulieribus
319 1754 375 1852 (a)
385 1754 685 1852 descripsissem,
704 1780 865 1852 quarum
880 1772 1014 1831 neutra
1027 1784 1090 1831 vo-

51 1873 230 1945 mitioui
250 1872 415 1945 obnoxia
437 1870 577 1959 fuerat,
597 1887 640 1943 ut
666 1897 792 1969 neque
818 1870 957 1945 femina
984 1878 1090 1977 prin-

50 2013 188 2091 ceps,
218 2016 344 2089 neque
368 1990 445 2061 aliae
471 2004 650 2088 praeterea
665 1990 724 2087 (3)
743 1991 782 2060 in
802 1992 941 2088 quibus
970 1993 1022 2065 ita
1051 2020 1089 2068 se

53 2108 333 2182 ventriculum
353 2106 529 2181 habuisse
551 2108 718 2179 memini.
739 2110 834 2179 Mihi
861 2112 963 2182 enim
992 2110 1090 2185 forte

62 2226 217 2301 accidit
242 2242 286 2298 ut
316 2223 659 2298 conformationem
677 2228 784 2299 istam
806 2252 894 2299 eum
921 2228 1018 2317 vidi,
1049 2233 1090 2303 in

63 2342 303 2419 mutieribus
317 2344 426 2415 sicuti
444 2358 482 2415 et
497 2344 669 2415 Valsalva
688 2343 745 2442 (4)
765 2346 932 2418 viderem
956 2375 964 2417 ε
986 2347 1089 2421 unde

71 2464 262 2563 suspicari
288 2464 505 2561 coepissem‚
532 2486 581 2533 an
609 2461 688 2533 haec
719 2487 873 2561 quoque
903 2490 1090 2539 annume-

72 2582 197 2653 randa
229 2596 327 2654 esset
344 2578 601 2653 ‚detrimentis
634 2582 775 2653 caeteris
806 2606 889 2678 quae
921 2582 992 2655 sibi
1019 2585 1090 2657 illa

80 2714 210 2773 creant
224 2723 295 2797 per
312 2700 539 2773 constrictos
555 2700 603 2770 ad
626 2723 817 2772 summum
837 2704 979 2773 ventris
1002 2690 1091 2775 uio-

61 2850 65 2857 ·
84 2838 184 2891 taces
200 2815 340 2905 duros,
357 2832 396 2889 et
410 2842 493 2914 quae
509 2817 663 2888 duriora
677 2818 735 2889 his
747 2818 892 2890 addunt
908 2820 954 2890 ad
969 2821 1090 2892 umbi-

85 2929 193 3009 licum
212 2932 332 3007 lerme
354 2935 562 3035 producta,
583 2937 657 3005 nisi
676 2936 1023 3010 animadvertissem
1050 2942 1090 3011 in

90 3054 374 3152 cujusquemodi
389 3055 500 3127 sortis
514 3050 663 3124 feminis
681 3053 783 3125 illam
801 3052 937 3145 fuisse,
960 3083 1031 3128 nec
1049 3059 1088 3129 in

120 3374 163 3453 (ι)
183 3375 282 3451 Epist.
300 3376 353 3447 23,
370 3394 401 3431 n.
418 3393 453 3431 ar
470 3387 500 3433 et
512 3378 550 3433 23
561 3388 590 3432 et
603 3377 685 3433 alibi.

122 3474 164 3552 (a)
184 3477 280 3551 Epist.
294 3474 346 3547 16,
362 3494 393 3533 n.
412 3476 467 3547 38,
483 3488 512 3533 et
520 3477 615 3553 Epist.
630 3480 725 3547 26,n.
738 3478 786 3533 31.

122 3574 151 3653 (3
183 3576 280 3651 Epist.
299 3576 352 3647 37,
368 3596 397 3633 n.
417 3576 464 3634 28.

122 3678 152 3753 (l
184 3676 280 3752 Epist.
297 3676 352 3749 36,
366 3696 396 3735 n.
409 3696 439 3733 a.

153 3574 165 3689 l

154 3692 165 3753 i

155 3781 188 3865 4.
