2580 4514
136 352 207 452 370
306 376 351 420 nr
378 373 520 421 sroraos
545 374 588 418 rr
614 372 735 420 causrs
760 372 972 423 uoaaonuu

135 489 250 562 febre.
266 485 530 556 Remediorum
547 509 618 582 ope
636 485 765 583 primis
783 485 919 562 diebus
936 514 957 560 a
975 493 1123 581 vomitu,

136 604 272 678 deinde
308 605 416 674 etiam
446 627 466 672 a
492 600 594 673 febre
619 601 817 692 liberatus,
851 628 939 675 cum
972 633 1041 705 per
1061 624 1122 680 tres

136 746 282 795 menses
296 722 487 818 proximos
509 717 735 815 chalybeatis
754 744 845 791 usus
873 738 995 809 esset,
1015 741 1122 796 tuno

136 842 186 910 ris
202 862 353 935 quoque
375 835 529 906 durities
552 832 695 905 sublata
713 849 767 907 est
787 862 794 903 :
816 837 988 931 ejusdem
1013 854 1122 911 tamen

136 951 354 1051 magnitudo
370 951 547 1048 perstitit,
565 975 651 1020 cum
666 950 806 1047 pallido
826 956 988 1050 et'quasi
1002 956 1121 1027 citrino

137 1070 244 1143 faciei
275 1070 411 1140 colore.
440 1067 618 1137 Ianuario
644 1083 767 1138 autem
797 1094 927 1141 mense
953 1071 1014 1144 bis
1031 1087 1121 1145 terve

135 1189 316 1262 redeunte
334 1186 522 1284 sanguinis
535 1186 694 1270 vomitu,
708 1186 747 1254 in
759 1166 1028 1261 vehementem
1048 1193 1122 1261 inci·

136 1306 190 1378 dit
220 1304 362 1378 febrem
391 1327 476 1373 cum
501 1301 609 1398 pulsu
641 1302 773 1388 celeri,
802 1302 900 1373 duro
932 1329 976 1377 ac
1004 1331 1122 1407 parvo,

135 1426 331 1521 utriusque
361 1417 644 1517 hypochondrii
665 1417 813 1507 dolore,
842 1421 1038 1518 pondere,
1059 1440 1122 1497 ten·

138 1544 264 1625 sione,
280 1540 415 1634 sitique
434 1534 719 1632 inextinguibili.
739 1535 997 1612 Placidissimo
1016 1556 1122 1614 nmen

138 1657 245 1730 obitu
261 1654 428 1727 sublatus
448 1669 502 1725 est
517 1676 621 1723 nono
640 1677 687 1723 an
706 1652 913 1725 undecimo
929 1655 1048 1731 febris
1066 1659 1120 1730 die.

186 1772 372 1846 Cadavere
396 1769 575 1860 dissecto,
602 1771 738 1840 mirum
759 1767 827 1841 fuit
848 1797 968 1869 quam
995 1776 1123 1848 modica

139 1894 177 1961 in
193 1890 289 1961 vasis
302 1886 478 1960 omnibus
491 1888 681 1984 sanguinis
696 1889 820 1984 portio
835 1870 1060 1988 superesset.
1073 1897 1124 1962 Ita·

139 2033 212 2105 que
226 2008 365 2077 ventris
382 2006 523 2077 viscera
539 2005 688 2074 insueto
707 2003 854 2102 pallore
873 2021 912 2078 et
931 2011 1040 2106 quasi
1055 2033 1123 2081 can·

140 2124 232 2195 dore
249 2123 295 2194 ad
313 2147 351 2194 se
371 2121 501 2193 oculos
518 2118 747 2207 alliciebant,
766 2121 796 2190 si
815 2122 990 2218 splenem
1005 2129 1124 2223 excipe

139 2267 220 2327 res,
240 2241 305 2336 qui
317 2238 525 2310 naturalem
540 2236 708 2309 servabat
722 2237 908 2330 colorem;
925 2243 995 2314 sed
1013 2259 1126 2315 auctus

141 2359 235 2433 adeo
253 2373 346 2443 erat,
363 2370 405 2428 ut
420 2355 538 2452 hepar
555 2354 654 2426 mole
674 2371 866 2452 superaret
879 2359 1124 2458 penderetque

142 2477 255 2549 libras
274 2488 434 2572 quatuor
455 2497 540 2543 cum
562 2473 723 2544 semisse.
745 2477 823 2545 Nec
844 2491 926 2547 erat
943 2502 1054 2576 aequo
1073 2477 1125 2549 du·

141 2596 240 2681 rior,
252 2595 325 2666 nisi
345 2589 449 2688 quod
462 2589 509 2662 ad
526 2614 729 2662 convexam
750 2589 882 2662 laciem
901 2619 986 2666 uuo
1010 2610 1073 2667 aut
1088 2593 1126 2664 al·

83 2786 86 2794 ,
142 2728 223 2786 tero
242 2713 280 2781 in
294 2711 379 2781 loco
394 2707 609 2779 solidiorem
632 2706 704 2779 alte
719 2709 957 2783 recondebat
976 2712 1126 2786 substan·

142 2831 232 2902 tiam
251 2827 402 2924 majoris
419 2825 526 2895 nucis
543 2825 812 2921 magnitudine.
834 2830 879 2896 In
895 2829 1128 2927 splenicaeve·

143 2973 199 3018 nae
214 2961 350 3016 trunco
365 2944 554 3041 polyposae
573 2943 831 3015 concretiones
856 2945 1028 3020 latebant
1035 2968 1128 3045 ,quae

145 3089 231 3137 cum
251 3063 332 3157 ejus
349 3085 451 3132 venae
471 3060 583 3130 ramis
606 3059 773 3157 perbelle
793 3084 830 3132 se
845 3063 932 3134 vel
924 3080 1026 3138 intra
1049 3064 1129 3164 sple-

146 3205 232 3250 nem
250 3177 475 3248 dividebant.
503 3181 626 3273 Hepar
650 3176 756 3248 valde
784 3178 992 3275 pallidum,
1023 3180 1130 3256 rubris

146 3296 326 3366 duntaxat
342 3292 404 3364 hic
428 3294 503 3364 illic
531 3293 689 3365 maculis
706 3292 1022 3392 distinguebatur.
1040 3298 1131 3372 Fallit

145 3410 307 3483 vesicula
336 3412 471 3508 hepate
496 3409 671 3507 pallidior
696 3426 807 3507 atque
836 3412 937 3487 adeo
959 3416 1129 3499 albicans,

146 3529 258 3601 bilem
278 3527 495 3601 continebat
515 3551 672 3625 paucam
688 3528 826 3600 coloris
841 3533 1009 3609 maxime
1021 3532 1130 3616 diluti,

147 3651 208 3718 cui
222 3645 349 3718 similis
367 3645 406 3714 in
424 3645 622 3718 ventriculi
639 3642 761 3717 fundo
777 3671 856 3718 non
875 3647 1019 3725 deerat.
1037 3650 1131 3725 Ceto·

146 3790 187 3836 ra
205 3766 245 3836 in
263 3777 394 3833 ventre
413 3785 511 3833 sana.
531 3766 574 3832 In
593 3761 747 3837 thorace
767 3764 975 3861 pulmones
996 3792 1069 3868 qua
1086 3787 1133 3839 an·

63 3878 67 3887 ’
144 3884 282 3955 teriora
297 3878 535 3977 spectabant,
551 3879 701 3976 pallidi;
721 3904 797 3979 qua
816 3881 978 3959 dorsum
1006 3912 1051 3962 ex
1067 3899 1133 3959 atro
