2580 4514
182 383 258 430 un.
280 383 337 430 111.
366 353 413 430 nn
438 379 575 428 uonms
599 380 771 441 vaurms,
796 379 908 426 misr.
935 379 1042 425 xxxv.
1071 353 1141 449 329

127 519 255 566 manu
274 494 448 580 tenebat,
466 509 501 565 et
521 492 594 564 hoc
615 493 767 581 dicens,
783 508 987 563 retrorsum
1006 490 1141 562 cecidit

130 626 323 685 mortuns.
340 615 507 709 Corpore
520 625 604 681 toto
621 624 818 697 consecto,
836 608 931 678 nihil
948 607 1049 679 aliud
1062 608 1142 678 vitii

131 743 333 826 repertum
352 743 430 813 est,
456 752 568 826 quam
596 726 766 797 intestini
786 724 859 797 coli
875 724 1118 796 inflammatio
1135 777 1145 812 ,

137 869 219 942 quae
234 844 285 916 ad
297 843 528 942 nigredinem
546 842 732 942 vergebat.

184 987 221 1059 9.
252 967 303 1034 Ex
322 961 391 1033 hae
413 961 672 1034 observatione
697 976 778 1032 tum
800 958 912 1057 ’quod
939 961 1147 1057 proposui,

142 1078 340 1175 intelligis,
361 1093 440 1151 turn
468 1080 579 1149 etiam
598 1103 679 1175 quae
701 1075 812 1148 facile
833 1096 930 1146 noxa
950 1078 989 1147 iu
1009 1075 1147 1147 eodem

142 1194 327 1265 intestino·
339 1219 417 1267 esse
434 1210 558 1293 posset
577 1196 615 1265 in
642 1195 785 1293 virgine
816 1218 971 1290 quoque
1000 1191 1146 1261 Foroli-
1231 1286 1235 1295 Ι

142 1311 262 1381 riensi
278 1311 324 1383 de
340 1336 413 1408 qua
433 1312 556 1410 paulo‘
567 1326 652 1383 ante
679 1310 732 1406 (1)
758 1310 899 1382 dictum
935 1324 999 1381 est.
1019 1311 1150 1380 Necte

140 1441 315 1498 moretur
328 1427 429 1524 quod
442 1428 546 1499 nulla
557 1424 691 1526 praevia
704 1425 843 1498 fuerint
859 1426 972 1499 febris
985 1425 1128 1496 indicia
1141 1453 1151 1514 ;

143 1542 454 1643 quandoquidem
472 1546 511 1616 in
534 1544 593 1617 his
610 1547 699 1644 ipsis
718 1545 850 1617 litteris
875 1543 932 1642 (a)
951 1545 1067 1615 visuri
1089 1567 1151 1614 su-

143 1687 248 1748 mus,
271 1687 317 1733 an
338 1663 417 1734 sine
433 1660 536 1734 febre
553 1661 802 1733 inflammatio
819 1686 901 1734 esse
921 1662 1055 1760 possit,
1073 1661 1150 1732 imo

143 1805 193 1851 an
205 1777 589 1851 sineinllammatione
599 1779 955 1877 sphacelus.Verum
968 1778 1037 1850 alia
1046 1793 1153 1871 antea

145 1895 381 1994 expedienda
398 1911 485 1967 sunt
496 1920 579 1992 quae
596 1894 641 1966 ad
658 1897 883 1967 celeritatem
895 1910 1064 1993 spectant
1075 1921 1153 1992 qua

144 2013 323 2085 intestina
336 2011 510 2084 lethalem
524 2011 861 2084 inflammationem
878 2014 1109 2117 concipiunt.

182 2157 254 2203 ‚1o.
282 2137 416 2229 Servus
429 2133 581 2230 quidam
600 2157 620 2204 a
636 2131 817 2232 pedibus,
832 2158 973 2230 nempe
991 2134 1022 2203 is
1037 2159 1150 2230 quem

146 2248 307 2348 epistola
329 2251 437 2321 etiam
455 2251 663 2338 anatomica
679 2253 747 2322 XV
772 2249 825 2346 (3)
846 2251 1154 2325 commemoravi,

146 2366 221 2438 alia
230 2365 279 2438 de
290 2390 335 2438 eo
349 2365 543 2459 scribens,
561 2393 644 2465 quae
657 2367 718 2438 hie
731 2369 883 2440 minime
898 2367 1147 2455 iterabuntur,

147 2498 290 2556 statura
307 2482 503 2573 breviore,
530 2485 663 2556 habitu
686 2486 837 2583 pingui,
864 2510 949 2556 cum
979 2484 1150 2556 famulari

147 2600 313 2698 amplius
328 2624 407 2671 non
424 2617 571 2698 posset,
591 2587 709 2674 anrios
736 2603 812 2698 jam
837 2602 980 2697 aliquot
1004 2602 1150 2674 mendi-

150 2716 282 2806 cabat,
306 2717 499 2815 vinoque,
525 2744 611 2790 cum
635 2735 809 2817 poterat,
831 2718 1006 2791 utebatur
1035 2718 1148 2817 paulo

122 2834 314 2918 „uberius
330 2839 460 2932 Itaque
476 2838 585 2908 etiam
601 2853 791 2935 postremo
806 2837 888 2907 vitae
906 2835 966 2906 die
984 2860 1069 2906 cum
1084 2835 1151 2906 do·

149 2977 265 3022 mum
286 2951 456 3024 rediisset
479 2977 521 3024 ac
541 2953 636 3024 male
664 2952 803 3024 habere
829 2977 868 3024 se
891 2951 1049 3039 diceret,
1065 2941 1160 3022 nihil
1252 3041 1258 3051 ·

152 3084 195 3140 ut
216 3092 256 3141 se
276 3083 442 3166 curaret,
454 3069 665 3142 nisivinum
683 3087 719 3142 et
731 3093 866 3169 panem
884 3072 1059 3166 sumpsit3
1072 3094 1161 3141 mox

153 3185 201 3258 de
218 3187 369 3258 ventris
383 3185 580 3259 doloribus
599 3204 867 3286 questus,·cum
888 3186 947 3260 his
964 3188 1061 3260 circa
1081 3214 1161 3259 me-

153 3303 255 3375 diam
273 3319 424 3375 noctem
443 3319 500 3377 est
518 3322 699 3378 mortuus.
729 3304 900 3377 Cadaver
918 3305 1099 3403 postridie
1121 3307 1161 3374 in

154 3420 392 3518 gymnasium
402 3419 548 3492 illatum
564 3438 638 3513 est,
652 3422 718 3493 ubi
731 3420 801 3494 sub
812 3423 960 3494 initium
979 3421 1159 3494 februarii
