2580 4514
159 392 232 492 676
320 413 367 462 ua
393 408 540 461 scurrus
565 409 609 455 rr
635 406 762 455 causis
789 407 1024 457 noauonun

159 526 283 601 fistula
303 522 476 596 umbilici
493 545 579 593 cum
599 520 752 592 duobus
770 519 820 590 ad
842 520 972 618 hujus
992 523 1083 594 latus
1097 522 1165 594 slir-

156 643 236 717 rhis
252 643 359 740 quasi
372 638 624 737 glandulosis3
644 637 747 734 quod
768 639 895 735 igitur
916 642 1100 739 suspicari
1112 639 1164 711 lor·

156 776 251 832 tasse
265 781 394 856 posses
414 753 652 826 referendum
674 778 754 825 esse
774 778 916 825 casnm
941 755 1052 829 hunc
1065 757 1105 828 ad
1116 757 1164 852 hy·

136 877 316 975 -dropem
346 873 559 971 peritonaei;
591 872 754 969 primum
782 874 1025 947 consideres
1052 877 1163 961 velim,

155 1017 267 1093 quam
288 1017 309 1063 a
328 1008 391 1062 tua
409 990 622 1087 suspicione
655 987 883 1085 discrepans
906 994 1049 1089 opinio
1073 990 1163 1064 fuerit

154 1110 291 1183 medici
306 1109 417 1204 longe
431 1107 666 1204 peritissimi,
680 1131 910 1202 quanquam
923 1108 1162 1207 problematis

153 1229 240 1301 loco
253 1250 334 1297 rem
362 1225 576 1323 proposuit3
595 1237 675 1294 tum
693 1222 836 1296 deinde
855 1228 934 1296 etsi
952 1229 994 1298 in
1012 1227 1161 1300 eamdem

154 1344 281 1418 sedem
296 1344 334 1412 iu
350 1365 425 1438 qua
454 1340 516 1411 ille
536 1339 705 1437 hydrops
725 1337 789 1427 fit,
809 1341 1008 1415 morbosa
1030 1346 1161 1416 materia

153 1461 331 1534 translata
351 1472 466 1544 esset,
484 1471 572 1541 aut,
593 1458 622 1528 si
642 1458 780 1544 mavis,
805 1457 863 1528 ibi
890 1461 1081 1534 collecta:
1099 1487 1161 1532 nou

151 1576 250 1650 hanc
275 1600 400 1649 serum
426 1575 500 1645 ulla
517 1601 562 1646 ex
584 1588 711 1672 parte,
734 1574 797 1644 sed
827 1601 905 1673 pus
928 1583 1091 1652 omnino
1108 1604 1157 1650 ve-

150 1720 235 1769 rum
270 1692 392 1765 fuisse.
425 1697 504 1791 Ego
532 1715 623 1763 vero
648 1715 696 1761 ne
715 1690 918 1766 Gabriellii
945 1695 1158 1794 quidemn)

151 1811 377 1909 singularem
394 1810 434 1878 in
453 1809 611 1880 muliere
629 1808 944 1882 observationem
962 1840 1079 1888 ausus
1091 1838 1157 1886 sum

150 1932 249 1999 inter
275 1926 469 2025 peritonaei
498 1907 689 2025 bydropes
717 1950 830 2023 supra
865 1955 1159 2019 connumerare

149 2046 321 2144 quamvis
346 2067 450 2140 aquae
471 2044 618 2139 copiam
644 2067 763 2140 prope
789 2046 1070 2123 incredibilem
1093 2075 1155 2120 nun

149 2167 189 2236 in
205 2164 345 2234 ventris
365 2184 474 2247 catu,
495 2160 558 2232 sed
572 2166 671 2230 inter
682 2165 950 2258 peritonaeum
971 2184 1014 2238 et
1031 2192 1157 2239 muscu-

150 2281 205 2353 los
227 2279 339 2352 fuisse
366 2277 671 2377 deprehenderit.
699 2279 832 2373 Neque
865 2283 976 2353 enim
1000 2286 1093 2357 mibi
1114 2283 1155 2355 ibi

148 2414 290 2472 secreta
300 2394 515 2483 videbatur,
533 2418 614 2492 quae
633 2395 829 2467 nonnullis
844 2398 1040 2475 adhibitis
1058 2401 1155 2475 medi·

146 2517 327 2590 cementis
347 2513 571 2610 hydragogis
586 2527 689 2583 tanta
704 2513 812 2610 copia
829 2516 958 2587 tridui
973 2523 1093 2618 spatio
1106 2519 1155 2590 de·

144 2635 208 2730 jici
221 2630 404 2731 potuerit,
427 2644 469 2699 ut
487 2631 627 2700 ventris
643 2644 772 2700 tumor
796 2631 987 2708 immanis
1013 2661 1154 2737 prorsus

145 2749 373 2831 subsederit;
394 2744 498 2842 quod
517 2747 555 2816 in
573 2745 643 2816 hac
657 2746 811 2843 quidem
831 2746 1034 2852 hydropis
1046 2756 1152 2854 specie

144 2892 221 2938 non
249 2864 437 2950 accidere,
463 2887 574 2962 supra
598 2862 656 2960 (a)
679 2865 822 2937 dictum
848 2883 919 2938 est.
947 2874 1001 2943 Et
1021 2873 1152 2945 sancei

145 2983 314 3070 mulieri,
333 3005 418 3053 cum
438 2978 606 3077 hydrops
623 2997 728 3053 ortus
750 2999 845 3055 esset
861 3002 954 3083 post
977 2989 1089 3062 lienis
1103 2991 1152 3059 in·

143 3097 434 3170 flammationem
449 3150 458 3183 ‚
476 3096 514 3166 id
529 3097 651 3168 viscus
666 3125 785 3170 unum
799 3126 844 3171 ex
860 3105 1053 3179 omnibus
1067 3107 1149 3178 male

143 3213 317 3287 affectum
337 3216 532 3285 inventum
557 3227 630 3301 est,
646 3218 784 3288 sinibus
820 3219 860 3288 in
887 3246 936 3292 eo
966 3223 1148 3299 nonnullis

142 3331 315 3405 ulcerosis
336 3355 404 3427 per
427 3331 639 3426 interjectas
658 3334 944 3411 membranulas
966 3349 1146 3414 canalicu-

141 3448 217 3522 lum
233 3444 431 3545 quemdam
444 3452 765 3539 constituentibus,
780 3478 855 3549 per
873 3483 992 3552 quem
1013 3487 1039 3530 n
1065 3460 1148 3532 liene

138 3571 310 3640 serositas
342 3565 660 3638 transmittebatur
698 3572 795 3639 inter
818 3580 1086 3667 peritonceum
1116 3589 1145 3646 et

136 3742 1139 3779 Μ

173 3845 215 3928 (ι)
237 3850 312 3922 Eph.
327 3849 364 3903 u.
379 3849 412 3903 c.
425 3848 490 3905 aec.
505 3849 539 3922 a,
553 3852 590 3906 Α.
608 3808 706 3924 sits,
723 3851 790 3908 on.
810 3871 882 3932 ²79·

167 3945 452 4031 muman
