2580 4514
99 393 104 403 ’
141 402 213 496 274
308 420 356 467 nn
381 416 527 466 sanmus
551 420 595 465 nr
620 418 744 466 caus1s
770 418 979 469 nonnosum

139 533 347 619 intestinis,
367 533 580 630 conspicuis
597 531 766 629 praedita,
787 558 866 605 non
888 559 911 606 a
929 536 1047 633 prima
1063 538 1112 609 ori·
1172 586 1177 631 3

141 652 229 751 gine
247 647 358 722 fuisse
382 649 506 720 dicas:
523 664 624 720 certe
644 674 724 721 non
753 666 887 748 potero
913 652 1114 752 adstipulari.
1169 642 1177 749 ’1

139 769 260 865 Hujus
287 781 412 838 autem
441 767 589 864 generis
615 767 716 838 illam
746 766 860 841 fuisse
885 794 967 845 non
994 771 1119 859 dubito,
1172 820 1177 866 1

139 900 251 984 quam
272 886 312 955 in
329 884 454 956 vetula
469 883 726 981 deprehendi3
745 886 891 984 quippe
921 888 1055 965 eadem
1076 914 1122 988 pt·
1176 940 1177 963 1

136 1004 274 1103 rictum
305 1000 513 1075 substantia
541 1016 579 1073 et
597 1002 844 1075 crassitudine
872 1030 921 1076 ex
946 1007 1043 1097 ileo,
1069 1031 1125 1105 qua

137 1122 299 1220 propius
317 1119 404 1193 colo
421 1134 501 1192 erat
520 1143 635 1217 quam
651 1121 806 1215 jejuno,
824 1120 871 1192 ad
889 1125 1127 1223 perpendicu-

138 1237 216 1309 lum
241 1237 474 1336 pendentem
494 1264 501 1306 :
521 1261 606 1335 quae
631 1237 747 1308 addas
771 1239 885 1310 velim
907 1240 958 1312 ad
974 1240 1130 1315 brevissi·
1175 1334 1177 1339 Ι

137 1381 237 1429 mam
268 1356 385 1454 ipsius
415 1355 455 1425 in
486 1353 716 1427 adversariis
743 1355 803 1453 (ι)
830 1355 1132 1457 descriptionem,

137 1475 292 1576 quando
312 1475 548 1548 Hunauldius
569 1475 624 1573 (a)
640 1474 748 1547 aliam
771 1501 849 1549 ase
868 1479 990 1555 visam
1010 1481 1134 1555 deson·

136 1595 251 1687 bens,
270 1594 310 1665 id
327 1596 446 1691 cupiit
466 1594 621 1665 minime
637 1595 883 1692 praetermitti·
900 1600 1041 1696 Neque
1061 1598 1135 1671 alte·

137 1713 217 1789 rius
243 1713 391 1810 generis
419 1709 575 1784 fortasse
601 1726 682 1783 erat
714 1737 828 1809 quam
849 1714 889 1784 in
909 1717 1075 1789 Lanario
1093 1716 1136 1815 (3)

136 1828 234 1917 vidi,
251 1829 299 1902 ab
319 1829 381 1900 itta
404 1832 444 1901 in
464 1829 523 1901 his
544 1829 842 1929 discrepantem,
861 1832 971 1929 quod
997 1832 1137 1909 brevior

139 1961 237 2035 erat,
254 1962 293 2018 et
308 1945 615 2045 hemisphaerica,
636 1963 673 2018 et
695 1966 828 2021 contra
848 1953 1069 2025 mesenten'i
1088 1958 1136 2023 in·

138 2065 341 2139 sectionem
367 2067 488 2162 posita
518 2065 583 2136 ubi
608 2065 724 2139 ileum
752 2090 790 2141 se
816 2067 868 2138 ita
884 2065 1083 2160 flectebat,
1103 2084 1138 2143 ut

138 2183 319 2280 angulum
345 2179 507 2271 faceret,
531 2183 589 2253 vel
612 2182 776 2255 abscisso
803 2188 1037 2261 mesenterio
1064 2212 1138 2288 per·

138 2313 318 2387 stantem3
333 2302 371 2369 in
387 2299 450 2370 illa
468 2301 569 2383 enim
581 2301 660 2397 ipsa
677 2303 934 2398 prominentia
946 2305 1079 2404 anguli
1089 2328 1138 2379 ex·

138 2415 339 2491 tuberabat
356 2415 460 2489 haud
473 2418 605 2504 aliter,
615 2419 646 2488 si
666 2419 831 2515 positum
850 2418 1041 2496 duntaxat
1051 2446 1140 2522 spec·

138 2549 216 2622 tes,
235 2558 278 2606 ac
297 2559 381 2633 quae
401 2533 448 2606 ab
467 2534 658 2632 Ruyschio
674 2549 731 2609 est
747 2537 785 2605 in
805 2560 948 2609 musteo
965 2541 1139 2615 anatomi-

139 2677 186 2726 co
199 2652 256 2749 (4)
271 2651 466 2730 delineata.
492 2654 593 2742 Quas
617 2666 796 2750 praeterea
821 2653 919 2742 vidi,
941 2655 1139 2757 deseiiptas

137 2796 219 2842 non
235 2770 381 2856 habeo;
398 2794 604 2868 perpaucas
620 2785 745 2842 autem
764 2772 924 2843 omnino
944 2774 1050 2865 vidi,
1065 2796 1138 2847 cun

139 2904 196 2963 tot
214 2886 442 2960 cadaverum
455 2888 631 2959 intestina
645 2889 948 2960 examinaverim.

194 3030 247 3103 17.
269 3007 365 3076 Hinc
384 3004 427 3075 fit
442 3020 484 3076 ut
498 3029 577 3102 quo
592 3007 711 3102 magis
725 3007 948 3098 considero,
966 3014 1017 3082 ed
1035 3010 1136 3109 magis

141 3145 313 3194 censeam
345 3122 525 3219 Ruysohii
552 3121 666 3194 verba
695 3123 734 3192 in
763 3122 944 3197 thesauro
969 3118 1133 3226 v11(5):

142 3238 328 3335 ejusnwdi
339 3238 579 3328 diverticula,
601 3256 643 3312 ut
655 3239 884 3338 plurimum,
904 3249 941 3314 si
957 3270 1038 3317 non
1053 3266 1131 3317 sem·
