2580 4514
173 369 247 417 ιιι.
268 367 324 414 ιιι.
354 366 400 411 or
418 361 556 411 nonnis
574 361 745 426 vaurms,
771 362 883 410 aersr.
904 363 1042 410 xxxvii.
1070 347 1145 440 479

122 507 215 557 rum
232 505 353 555 uxore
367 493 611 578 expectasses.
625 481 720 550 Nam
736 478 862 550 multae
881 481 922 550 in
942 478 1013 552 hac
1031 483 1143 554 etiam

123 618 209 677 tum
235 625 337 701 rugae
356 615 394 673 et
415 613 583 672 extantes
602 596 661 669 vel
682 597 730 669 ad
751 598 871 697 ipsius
897 599 1144 698 longitudinis

124 717 300 797 medium
315 748 326 810 ;
344 720 384 791 in
404 719 551 791 cervice
568 732 696 790 autem
720 714 842 815 figura
865 717 912 788 ad
935 720 1144 815 virgineam

124 841 329 925 accedeus,
345 853 382 910 et
393 836 547 909 valvulae
562 837 602 906 in
623 835 742 907 altero
757 835 873 908 latere
896 855 1145 928 conservatae,

124 974 172 1033 nt
186 981 467 1059 perpaucorum
483 954 694 1026 liberorum
716 968 913 1051 parentem
931 952 1044 1028 fuisse
1063 981 1146 1028 cre-

126 1076 314 1162 diderim,
337 1074 442 1174 quod
468 1072 582 1144 exiles
610 1070 656 1142 ad
682 1073 804 1145 imum
830 1071 1022 1144 abdomen
1048 1099 1148 1172 rugae

128 1192 420 1269 confirmabant.
442 1189 557 1282 Quod
581 1214 672 1261 vero
690 1188 738 1260 ad
757 1188 853 1263 fellis
869 1190 1075 1262 vesiculam
1092 1207 1149 1264 at-

126 1316 248 1402 tinet,
264 1313 333 1386 etsi
350 1311 472 1383 multo
490 1309 569 1380 haec
588 1323 668 1380 erat
686 1307 840 1380 brevior
860 1334 976 1408 quam
1000 1335 1071 1409 pro
1092 1311 1148 1408 je·

127 1437 291 1518 cinoris,
306 1436 389 1507 sani
401 1434 571 1532 alioquin
583 1487 594 1522 ,
607 1431 891 1531 magnitudine(
904 1459 1030 1532 neque
1044 1435 1146 1507 enim

126 1555 180 1631 ad
196 1553 313 1652 hujus
330 1552 492 1627 limbum
509 1552 610 1625 illius
626 1549 768 1647 fundus
787 1552 1053 1650 perveniebat,
1069 1555 1149 1626 imo

127 1675 233 1749 dnos
268 1671 388 1747 ferme
419 1671 583 1744 distabat
601 1671 782 1770 digitos),
801 1685 926 1743 tamen
958 1699 1045 1745 cum
1071 1673 1150 1746 bile

127 1817 253 1895 pauca
282 1809 320 1865 et
344 1791 440 1865 flava
470 1772 691 1863 coniinebat
715 1791 881 1864 calculos
915 1791 1045 1866 saltem
1073 1808 1149 1867 tre·

130 1927 267 1989 centos
294 1911 470 2010 triginta,
502 1934 600 2009 quos
628 1911 750 1983 multo
779 1913 940 1984 maxima
970 1938 1016 1984 ex
1046 1929 1150 2012 parte

129 2030 254 2117 baisse¹
267 2033 444 2128 exiguos,
461 2030 658 2128 proposita
678 2032 789 2128 cystis
802 2029 967 2103 brevitas
983 2032 1069 2105 satis
1081 2057 1152 2131 per

121 2176 174 2245 ¹ae
192 2152 276 2251 ipsa
293 2149 446 2221 indicat.
462 2147 621 2246 Reliqua
641 2147 688 2218 de
705 2147 765 2220 his
781 2148 935 2221 calculis
954 2149 1153 2223 observata

129 2258 212 2371 qam
227 2271 268 2341 in
294 2266 452 2367 epistola
473 2266 709 2365 scripserim,
729 2267 847 2363 paulo
866 2292 983 2366 supra
999 2267 1053 2367 (¹.)
1072 2267 1154 2339 dic-

128 2404 219 2485 tum
237 2401 294 2461 est
312 2412 320 2457 ε
339 2409 561 2483 quanquam
581 2408 669 2455 cum
695 2384 804 2483 plura
828 2411 900 2457 nec
922 2385 1019 2458 levia
1043 2388 1083 2457 in
1109 2412 1153 2459 ea

129 2503 387 2583 describenda
406 2503 649 2601 peccaverint
666 2527 790 2601 operae
803 2504 1153 2603 typographorum,

129 2640 219 2701 tum
237 2626 278 2697 in
294 2648 339 2697 ea
363 2623 604 2723 potissimum
630 2636 737 2720 parte
764 2622 849 2721 plus
872 2646 985 2695 versu
1003 2625 1154 2721 integro

130 2745 359 2819 omiserunt.
397 2744 536 2818 Praeter
564 2754 622 2812 tot
653 2755 750 2838 quot
779 2740 943 2812 diximus
968 2740 1154 2832 calculos,

132 2861 253 2961 cystis
267 2885 403 2934 cavum
416 2874 671 2959 occupantes,
689 2884 808 2930 unum
826 2861 926 2931 inter
943 2862 1089 2932 tunicas
1101 2859 1156 2932 la-

132 2994 283 3055 tentem
303 2978 485 3078 scalpello
502 2979 642 3068 retexi,
667 2978 779 3076 nigro
797 2977 947 3067 colore,
973 2996 1010 3050 et
1035 2981 1158 3077 parvi·
1216 2996 1219 3001 '

123 3094 215 3173 'tate
232 3123 368 3171 eorum
385 3097 619 3171 simillimum
646 3120 744 3195 quos
771 3098 810 3167 in
839 3097 951 3194 cystis
968 3098 1158 3196 glandulis

133 3216 230 3291 altas
246 3241 267 3289 a
283 3243 343 3291 me
362 3218 539 3291 inventos
554 3240 667 3315 supra
687 3214 743 3313 (a)
760 3218 1077 3314 commemoravi3
1096 3218 1159 3296 hic

134 3354 269 3411 tamen
283 3335 472 3436 glandulae
489 3336 663 3409 osculum
679 3361 760 3407 non
779 3338 830 3409 ita
844 3336 1040 3410 evidenter
1056 3354 1159 3436 pate·
1276 3323 1281 3333 ⁴

133 3453 216 3529 bat.
243 3496 247 3501 -

189 3572 250 3647 30.
270 3575 415 3646 Sutoris
429 3575 624 3672 persenis,
644 3597 768 3672 eoque
781 3573 861 3670 jam
876 3572 1160 3672 propemodum

176 3830 225 3926 (ἰ)
246 3849 286 3905 u.
308 3848 357 3906 aa.

145 3984 149 3991 ·
178 3945 287 4032 ΗΝ·
314 3967 360 4004 ²1·
454 3965 457 3970 ·
