2580 4514
132 444 201 488 mn.
224 443 279 488 111.
307 442 354 488 nn
380 441 515 517 nonius
539 443 711 505 verinus,
735 439 846 490 must.
868 440 988 489 xxmv.
1018 418 1087 490 315

119 579 168 624 or
187 557 279 642 sim,
295 554 391 626 alter
409 580 579 652 quoque,
596 556 703 651 cujus
722 556 783 625 hic
806 559 843 626 in
866 512 1089 654 Sepulchbe-

119 672 199 769 iv(1)
215 672 373 744 historia
388 688 454 744 est.
471 673 542 744 Sed
562 673 609 745 de
627 673 836 762 vermibus,
857 678 997 746 ventris
1021 674 1088 745 do-

119 814 187 862 nes
205 790 411 876 cientibus,
431 791 520 862 alias
544 791 683 863 incidet
719 788 872 864 fortasse
901 792 1091 863 ‘scribendi
1201 856 1207 866 .

119 909 238 981 ccasio
255 910 523 1006 quaereudique
546 907 682 997 fusiuS,
705 931 797 979 num
823 925 866 980 ut
884 911 1090 981 viventium

119 1050 185 1124 epe
201 1028 379 1098 intestina
398 1026 604 1119 lacessunt,
623 1029 673 1098 ita
681 1028 724 1096 in
741 1029 889 1100 cunctis
906 1053 988 1124 quie
1008 1052 1093 1123 pro·

119 1159 288 1230 muntur,
324 1143 491 1216 historiis
526 1145 573 1216 ad
603 1145 882 1219 ostendendum
917 1147 1093 1215 intestina
1185 1174 1187 1178 ⁴

119 1259 297 1335 aforesse
316 1277 402 1334 ante
419 1280 601 1351 mortem,
618 1288 668 1335 cn
687 1252 951 1361 postmortem
969 1261 1056 1360 perf
1079 1301 1093 1318 ·
1211 1333 1212 1336 ,

119 1402 189 1452 asse
207 1378 387 1451 credendi
404 1383 502 1471 sint,
521 1397 579 1468 et,
597 1384 628 1454 si
645 1383 707 1452 illa
724 1397 812 1452 ante
830 1396 989 1451 mortem
1010 1406 1093 1479 per·

119 1499 275 1586 meunt,
295 1522 435 1596 unqua
452 1499 644 1583 abscessus
661 1515 725 1570 aut
742 1500 850 1570 ulcus
865 1498 1018 1595 aliquod
1041 1501 1094 1597 ip·

119 1612 255 1685 iuriam
278 1641 324 1686 ex
343 1619 530 1688 intestinis
555 1618 756 1715 aperuerit.
783 1617 908 1687 Multae
929 1618 1029 1717 enirn
1059 1631 1096 1687 et

119 1733 199 1803 mie
221 1733 488 1830 producuntur
508 1735 788 1806 observationes
812 1763 819 1803 :
847 1759 1006 1832 quarum
1029 1734 1096 1805 sal-

119 1871 172 1920 em
199 1851 344 1948 aliquot
371 1851 433 1922 hic
457 1852 525 1923 tibi
548 1853 715 1924 indicare
735 1854 822 1924 satis
848 1850 960 1923 fuerit
987 1877 1032 1923 ex
1051 1852 1096 1923 iis

119 1986 189 2061 quas
208 1969 347 2039 addere
370 1969 618 2067 Sepulchreto
637 1972 766 2068 possis.
789 1970 924 2041 Videas
941 1971 980 2040 in
1006 1970 1097 2041 actis
1161 2023 1167 2035 Ι

119 2083 263 2158 deserete
277 2085 725 2186 ,Academiae(2)primum
741 2088 843 2159 duas.
861 2089 1030 2177 Quarum
1049 2088 1097 2158 al·

119 2207 177 2274 bn
191 2220 333 2301 quanto
349 2208 466 2305 magis
486 2207 663 2278 intestina
682 2206 728 2277 ab
747 2231 895 2278 summo
914 2207 961 2277 ad
979 2208 1096 2275 imum

119 2321 203 2416 copia
216 2322 492 2395 lumbricorum
513 2324 728 2396 incredibili
747 2322 883 2395 referta
896 2325 1098 2423 proponit,

120 2443 199 2512 tinto
211 2437 368 2514 fortasse
379 2443 552 2513 videatur
561 2428 780 2513 credibilius
792 2441 951 2524 reddere
965 2496 973 2528 ,
987 2443 1099 2539 ipsos,

119 2559 297 2652 Pmsertim
316 2561 433 2630 amari
447 2560 582 2630 elixirii
596 2561 704 2658 copia
720 2561 938 2656 instigatos,
958 2561 997 2629 in
1012 2559 1098 2629 vivo

119 2670 287 2760 perfora-re
308 2678 485 2748 intestina
500 2677 656 2778 coepisse
671 2733 681 2766 ,
698 2692 736 2749 et
750 2676 890 2776 quibus
907 2691 1011 2774 parte
1022 2677 1100 2771 jam

119 2776 246 2863 dimidia
263 2794 450 2866 extabant.
471 2799 626 2882 Parem,
647 2797 724 2867 imo
743 2795 924 2889 majorem
942 2792 1100 2863 lumbri·

119 2912 223 2980 lotum
255 2932 459 2982 numerum
487 2913 708 3000 Molinettus
735 2900 865 2983 noster
889 2911 927 3007 (3
931 2927 944 3005 )
970 2910 1102 3007 depre-

119 3005 248 3118 ludim
271 3052 359 3102 num
375 3045 511 3128 praeter
523 3054 588 3104 eos
605 3032 745 3129 quibus
762 3031 874 3130 plena
892 3043 929 3100 et
943 3025 1100 3100 infarcta

119 3144 200 3218 l'ttnt
224 3148 403 3220 intestina
427 3151 576 3237 omnia,
595 3150 658 3220 elii
676 3175 721 3222 ex
740 3151 816 3237 his,
841 3146 958 3219 cribri
984 3148 1102 3218 instar

119 3261 291 3355 effossis,
310 3267 496 3356 exierant,
518 3269 583 3364 qui
599 3269 740 3339 ventris
753 3267 915 3364 spatium
930 3264 1100 3362 undique
1138 3346 1140 3349 ,
1200 3249 1201 3252 ¹

119 3381 338 3474 lpleverant.
366 3384 437 3456 Sed
466 3384 543 3456 haec
568 3386 608 3454 in
634 3385 793 3455 mortuis
820 3396 1041 3480 conspecta,
1059 3398 1101 3454 ut

119 3602 1103 3635 N-——ss—-ffl—Q—a--uu-——n-

124 3763 176 3846 (1)
198 3771 271 3841 01³³·
289 3777 389 3843 ψ·
488 3763 491 3767 ’

120 3877 176 3958 t'n)
197 3887 283 3941 Tom.
301 3906 312 3941 1
328 3928 336 3957 ‚
352 3887 415 3943 obs.
434 3906 504 3959 172,
516 3899 544 3944 et
559 3899 632 3945 tom.
650 3888 683 3961 5,
701 3890 766 3946 obs.
780 3888 818 3946 68
827 3902 923 3965 prope
933 3887 988 3943 lin.

122 3995 178 4076 (3)
198 4000 324 4058 Dissert.
340 4015 415 4095 enat.
429 4005 544 4093 pathol.
563 4007 582 4062 l.
598 4006 633 4078 6,
650 4025 680 4062 u.
696 4012 724 4072 4.
