2580 4514
88 400 91 405 -
149 354 221 427 688
317 378 364 423 nn
390 376 537 423 sumnus
562 378 606 422 ar
631 376 756 424 causis
782 380 1011 431 noanonuru

149 506 336 588 tempore,
348 513 433 559 cum
443 491 613 586 requiem
631 514 766 589 capere
777 493 820 562 in
833 493 943 568 lecto
951 501 1158 597 nequirent,

147 609 219 679 nisi
238 605 398 706 genibus
421 604 525 678 flexis
544 607 679 676 innixae
703 622 740 680 et
759 634 935 708 corpore
958 633 1157 692 antrorsun

146 724 327 796 inclinato
342 779 351 812 ,
372 738 482 822 caput
499 722 694 796 substratae
707 725 879 800 culcitrae
902 732 1155 831 imponerent:

148 842 361 939 cujusmodi
379 843 643 939 quadantenus
662 846 832 940 positum
847 849 903 927 ‚in
926 875 999 925 sua
1021 879 1156 954 quoque

71 1026 72 1033 ,
148 960 288 1031 femina
318 961 364 1032 ad
385 961 800 1058 requienr'capiendam
822 972 1090 1043 necessarium
1108 972 1156 1043 ad·

148 1080 291 1150 notavit
304 1076 529 1149 Schefsserus
547 1077 601 1175 (r)
620 1105 627 1147 :
651 1105 695 1150 ea.
714 1096 845 1154 autem
858 1089 1085 1182 peritonaei,
1099 1106 1156 1162 tres

146 1222 236 1268 vero
250 1196 295 1268 de
314 1195 451 1293 quibus
467 1174 679 1292 ioquimur,
699 1199 842 1271 sinistri
854 1207 986 1276 ovarii
1001 1206 1155 1306 hydrope

145 1313 386 1399 laborabant,
401 1312 504 1410 quod
520 1315 558 1382 in
577 1314 685 1385 tertia
697 1314 759 1388 hic
776 1316 858 1391 illic
874 1319 1154 1414 dehiscens,as·

146 1433 257 1506 citenr
275 1434 429 1530 insuper
446 1431 516 1502 sibi
529 1431 750 1528 adjunxerat
767 1459 850 1504 non
867 1461 988 1533 secus
1004 1467 1049 1514 ac
1066 1446 1101 1513 in
1119 1445 1155 1511 vi·

147 1551 220 1621 dua
239 1551 300 1622 illa
314 1551 469 1638 accidit,
485 1574 567 1645 quae
581 1574 601 1618 a
617 1551 660 1620 cl.
678 1553 805 1622 Bassio
816 1553 897 1650 (α),
917 1559 1013 1629 etin
1037 1558 1154 1632 femina

145 1669 215 1739 alia
233 1694 315 1764 quae
335 1693 355 1737 a
377 1668 421 1738 cl.
441 1671 701 1738 Gutermanno
716 1667 774 1767 (3)
783 1668 990 1773 descripta
1002 1693 1068 1750 est.
1080 1679 1153 1750 Feli·
1174 1724 1177 1737 ·

145 1788 264 1856 ciores
291 1789 330 1873 in
356 1785 430 1856 hoc
453 1787 570 1855 ovarii
589 1769 756 1876 tumore,
784 1794 973 1886 quamvis
1000 1796 1050 1867 ad
1072 1821 1151 1868 sun·

145 1929 250 1974 mum
263 1919 393 1986 auct0,
410 1901 564 1974 fuerunt
576 1905 674 1994 aliae,
690 1906 851 2006 utvirgo
865 1933 994 2006 quam
1005 1915 1051 1986 cl.
1068 1915 1152 1986 Gull·

144 2046 305 2093 mannus
321 2021 374 2118 (Δ)
394 2019 507 2092 refert
527 2020 743 2117 quindecim
764 2023 1031 2104 nihilominus
1051 2055 1151 2104 annos

142 2145 310 2235 gavisam
322 2164 398 2209 esse
407 2144 567 2208 sanitate
577 2144 833 2234 integramam
847 2127 1152 2222 menstruaerant

145 2255 358 2352 regularia,-
377 2262 584 2354 appetitur,
602 2279 769 2343 somnus,
783 2272 853 2328 etc.
874 2267 1083 2360 vigebam
1096 2266 1151 2337 nisi

144 2374 247 2471 quod
259 2375 399 2444 ultimis
410 2371 560 2443 duobus
570 2372 678 2459 annis
695 2375 828 2470 saepius
838 2361 1151 2482 lipothymiiscor·

142 2492 366 2588 ripiebatur,
377 2494 543 2588 itemque
554 2506 596 2560 ut
610 2487 757 2561 feminae
772 2491 859 2565 duae
879 2523 985 2595 quas
995 2504 1150 2576 dissecuit

141 2615 195 2680 Jo.
207 2609 323 2681 David
337 2608 580 2680 Manchartus
590 2606 654 2706 (5).
672 2613 734 2678 Hae
745 2617 955 2706 quomodo
970 2644 1011 2692 se
1027 2621 1149 2693 habue-

140 2730 217 2799 rint
229 2728 323 2799 ultra
334 2728 571 2825 septennium
583 2728 955 2824 quo,sipostremas
972 2736 1050 2811 fere
1068 2740 1148 2812 erci-

139 2853 219 2942 pias
242 2844 517 2931 hebdomadas,
537 2870 732 2940 nunquam
763 2844 1010 2929 decumbere
1032 2872 1146 2930 coacta

140 2979 248 3051 sunt,
266 2990 311 3034 ex
326 2963 467 3050 verbis,
486 2987 568 3059 quae
581 2962 773 3060 praemittit
789 2964 1061 3047 observationi
1077 2976 1146 3046 licet

140 3083 344 3176 conjicere:
362 3083 452 3171 Quae
470 3079 687 3176 hydropicae
708 3110 725 3144 ι(
744 3105 816 3152 nec
836 3088 1006 3182 pallent,
1019 3093 1080 3166 sed
1096 3117 1143 3163 ro·

137 3228 154 3262 J)
173 3223 277 3268 seum
291 3200 415 3296 potius
433 3223 614 3299 genarum
626 3213 777 3269 servant
790 3199 982 3280 decorem
994 3266 1004 3299 ‚
1017 3202 1082 3284 nec
1095 3234 1142 3309 pe·

136 3343 153 3388 a
173 3314 238 3385 des
250 3314 576 3405 haberrttunrid05‚
587 3329 628 3385 ut
640 3318 1064 3411 potius,auctolicetin
1076 3328 1138 3400 dies

131 3469 1135 3500 .··------·-·---—·-----·-—.-...

174 3542 219 3619 (ι)
240 3543 340 3599 Cion.
361 3542 408 3596 63.

174 3642 217 3719 (a)
240 3645 309 3698 Dec.
327 3649 360 3710 4,
377 3641 443 3695 obs.
457 3651 539 3696 anat.
551 3641 578 3696 8.

174 3742 184 3807 t
188 3743 217 3817 3)
238 3746 306 3798 Act.
323 3743 360 3796 N.
375 3743 409 3796 C.
424 3751 496 3794 tom.
511 3741 546 3810 b,
560 3740 625 3795 obs.
642 3740 710 3798 105.

175 3839 216 3919 (4)
238 3841 379 3896 Eorumd.
396 3852 467 3895 tom.
482 3858 516 3894 a.
535 3841 598 3895 obs.
615 3840 662 3896 80.

172 3939 216 4015 (ὅ)
237 3943 312 4016 Eph.
329 3942 366 3996 N.
381 3942 414 3995 C.
427 3951 504 3999 cent.
519 3940 554 4011 8,
568 3941 631 3996 obs.
650 3947 697 4009 14.
