2580 4514
147 385 192 453 ao'
311 403 356 452 na
383 403 528 452 saumas
554 407 597 450 ur
623 403 746 450 causis
772 403 980 453 nonnosum
1006 421 1008 427 ·

143 543 276 617 magna
289 543 334 587 ex
347 533 451 616 parte
461 519 621 616 pessime
633 533 855 615 corruptum
869 515 1020 590 offendi.
1034 518 1154 590 Uicus

141 653 268 709 autem
286 636 331 706 ad
350 637 503 706 altiores
522 635 726 734 pharyngis
744 651 885 733 partes,
907 629 944 707 et
961 635 1007 709 ad
1023 652 1151 733 poste·

141 757 242 825 riora
260 755 340 825 nasi
363 752 545 825 foramina
567 778 605 825 se
623 753 870 851 perduxerat,
896 752 1025 850 ibique
1045 778 1151 851 pers-

140 871 254 943 tabat.
269 877 452 943 Caeterum
467 886 599 942 ventre
616 886 768 969 aperto,
788 871 897 967 jecur
920 886 957 942 et
973 870 1151 946 intestina

141 987 369 1085 quibusdam
380 989 484 1078 locis,
495 991 723 1086 intimosque
735 988 949 1060 abdominis
959 988 1152 1061 musculos

138 1107 269 1177 inveni
280 1107 386 1202 quasi
397 1132 442 1177 ex
454 1131 657 1204 praegressa
671 1105 966 1179 inflammatione
978 1104 1151 1194 liventia,

140 1239 178 1296 et
195 1224 461 1322 graveolentia.

195 1342 250 1414 13.
272 1341 366 1426 Ubi,
384 1356 420 1410 et
440 1367 519 1438 quo
534 1357 706 1439 tempore
721 1341 761 1413 id
780 1340 938 1413 cadaver
948 1343 1151 1428 senuerim,

139 1462 178 1531 in
193 1461 238 1531 iis
256 1458 424 1555 epistolis
444 1459 630 1556 reperies,
644 1482 737 1554 quas
755 1457 869 1554 paulo
885 1475 971 1531 ante
988 1459 1000 1540 (
1009 1458 1151 1555 mindi-

141 1575 305 1663 cabam,
333 1574 582 1670 ibidemque,
608 1591 644 1646 et
668 1576 828 1673 epistola
853 1600 1008 1672 quoque
1035 1575 1084 1648 ad
1116 1592 1150 1649 te

139 1697 243 1762 XXII
273 1693 285 1775 (
299 1691 343 1789 a)
370 1718 452 1790 quae
471 1692 525 1763 ¹de
547 1694 714 1790 origine,
740 1708 776 1764 et
795 1694 915 1766 causis
933 1694 1036 1789 attigi
1053 1694 1154 1767 illius

140 1809 366 1909 pulmonum
382 1811 473 1881 vitii.
498 1812 590 1898 Quae
602 1835 694 1881 vero
707 1809 753 1878 ad
770 1834 899 1885 causas
916 1810 1153 1907 modumque

141 1930 322 2014 attinent,
343 1953 421 2024 quo
439 1925 635 2024 deglutitio
646 1929 686 2000 in
700 1952 745 1998 eo
757 1928 857 2014 viro,
871 1930 985 2002 autin
1002 1928 1152 2003 duobus

140 2071 236 2143 quos
257 2072 277 2117 a
303 2046 472 2117 Vaisalva
492 2044 672 2141 dissectos
692 2047 903 2144 proposui,
923 2045 1151 2133 ladebatur‚

138 2162 234 2234 adeo
260 2160 456 2234 manifesta
481 2177 570 2234 sunt
589 2165 770 2237 universae
795 2163 999 2261 pharyngis
1033 2179 1070 2237 et
1099 2163 1152 2241 la·

138 2283 270 2378 ryngis
303 2282 535 2353 necessarios
565 2280 607 2350 in'
642 2281 886 2379 deglutiendo
917 2296 1042 2353 motus
1072 2307 1151 2353 non

138 2399 355 2497 ignoranti,
382 2415 425 2469 ut
449 2398 607 2468 minime
638 2423 734 2498 opus
762 2398 807 2470 sit
835 2398 1036 2471 declarare.
1069 2404 1152 2471 Huc

142 2531 313 2614 spectant
330 2519 369 2585 in
397 2523 563 2587 sectione
585 2515 656 2586 hac
673 2515 1003 2613 ldSepuichreti,
1022 2515 1152 2615 obser7

141 2636 310 2705 vationes
320 2638 423 2707 XVII
438 2683 447 2722 ,
463 2659 544 2731 quae
561 2635 602 2705 in
615 2634 764 2706 duabus
776 2608 869 2711 sunt)
877 2635 1154 2732 appendicibus

139 2777 220 2853 quae
230 2755 298 2822 XX
307 2751 835 2848 observationisubjiciuntur.
848 2758 892 2824 Et
902 2753 1071 2848 quamvis
1082 2777 1152 2850 ego

139 2884 224 2939 cttm
250 2871 289 2940 in
316 2870 471 2942 senibus
498 2870 652 2968 plures,
679 2887 721 2942 ut
744 2871 834 2942 alias
861 2870 962 2957 dixi,
989 2870 1152 2969 laryngis

140 2987 377 3085 cartilagines
394 3012 653 3085 saepenumero
674 3012 798 3060 osseas
812 2985 925 3060 factas
941 2988 1070 3057 inveni
1085 2989 1152 3084 (3),

140 3105 401 3202 epiglottidem
420 3131 618 3204 nunquam
641 3131 786 3178 osseam
814 3104 1152 3203 deprehenderim

138 3237 265 3293 tamen
284 3226 377 3320 quin
399 3224 525 3295 minus
543 3223 695 3313 flexilis,
713 3225 914 3323 minusque
934 3221 1151 3319 obsequens

139 3336 222 3408 fieri
245 3340 437 3410 interdum
458 3344 593 3438 possit,
614 3368 693 3413 non
724 3342 858 3414 dubito
871 3367 880 3413 a
894 3365 1047 3439 quaeres
1060 3342 1152 3413 alio·

139 3457 232 3553 quin
253 3458 425 3529 ciborum
457 3463 597 3559 magis,
612 3443 737 3559 'quam
763 3461 962 3559 potionum
979 3459 1152 3556 degluti·

179 3757 223 3834 (ι)
244 3761 282 3815 Ν.
302 3780 347 3815 11.

180 3857 224 3934 (a)
245 3862 282 3914 N.
303 3861 351 3915 26.

177 3958 220 4035 (3)
242 3961 368 4016 Advers.
383 3964 407 4016 Ι.
424 3980 457 4036 a,
474 3963 520 4018 23.
