2580 4514
540 287 554 310 e

177 352 240 398 um.
269 349 324 397 m.
353 338 755 408 remurmurans,
781 344 893 391 rrrsr.
920 345 1026 390 xxxv.
1057 318 1123 394 351

132 464 219 564 apud
236 489 316 536 non
329 486 450 535 unum
465 485 511 532 ex
526 459 669 532 nostris
683 457 785 530 ltalis
802 457 906 532 hisce
923 461 1032 533 annis
1044 485 1127 559 pos

137 584 247 655 tremis
266 582 425 681 repetita
440 578 600 667 videris,
619 592 745 648 tamen
767 576 830 648 hie
852 603 1005 676 quoque
1021 580 1127 676 juvat

143 699 358 774 exscribere:
377 696 664 771 saluberrimum
688 701 727 765 in
741 701 866 794 proxi
888 697 1032 769 medica
1048 724 1127 770 mo-

142 823 239 891 nitum
260 822 391 917 posuit
409 819 623 902 Simonias,
641 838 689 884 ne
713 811 952 911 despicantur
974 815 1127 904 medici,

143 936 309 1008 eredentes
339 933 485 1007 nullam
506 933 839 1046 inflammationem
857 931 1005 1023 adesse,
1020 937 1127 1026 sife-

141 1051 199 1123 brir
219 1056 323 1126 absit.
347 1056 437 1126 Cum
456 1075 558 1150 saepe
567 1052 679 1148 fixos
694 1048 845 1121 dolores
870 1055 1127 1124 intestinorum

141 1182 171 1239 et
190 1170 386 1244 uentriculi
402 1172 647 1268 &flammatio
670 1165 889 1266 producat,
912 1167 996 1240 licet
1021 1169 1128 1242 nullo

132 1286 236 1375 febris
247 1291 477 1374 observetur,
485 1285 603 1386 pulsu
620 1284 832 1384 explorato.
847 1286 992 1376 Viden,
1012 1303 1054 1359 ut
1070 1290 1128 1359 vir

138 1408 365 1503 gravissimus
381 1405 455 1477 boc
480 1405 703 1502 contingere
718 1428 819 1504 saepe
835 1403 953 1493 dieat3
968 1421 1012 1476 ut
1025 1407 1127 1478 salaa-

136 1521 326 1597 hamram
338 1529 378 1594 ira
389 1529 511 1623 praxi
526 1521 671 1592 medica
690 1521 728 1592 id
749 1528 932 1594 amnicum
951 1548 1030 1597 esse
1045 1549 1127 1597 non
1252 1599 1255 1605 ,

131 1638 280 1717 dubiret.
300 1644 447 1740 Nempe
466 1641 506 1712 id
528 1655 609 1712 erat
626 1639 731 1738 quod
748 1665 848 1711 anuo
868 1643 948 1740 ipse
963 1643 1051 1741 1703
1070 1643 1128 1742 (ι)

126 1762 301 1835 omissum
316 1759 364 1832 ab
378 1762 440 1846 iis,
452 1784 550 1858 quos
561 1758 623 1830 hic
638 1759 825 1858 intellig0‚
841 1758 997 1832 medicis
1016 1759 1127 1836 fuisse

121 1877 314 1968 mirabar,
344 1879 410 1976 qui
447 1893 491 1950 ut
523 1877 758 1975 singulorum
794 1876 1039 1969 morborum,
1075 1883 1128 1953 sic

119 1997 240 2077 etiam
254 1994 558 2069 inflammationis
574 1995 839 2066 intestinorum
858 1997 967 2094 signa
977 1996 1128 2070 docuis-

119 2128 213 2191 sent.
243 2115 303 2185 Sic
320 2114 437 2212 igitur
455 2111 559 2210 quod
578 2111 625 2183 ad
649 2110 795 2185 febrim.
824 2114 936 2203 Quod
960 2140 1050 2188 vero
1080 2117 1127 2188 ad

119 2233 292 2308 {olorem
310 2230 544 2321 attinetrhie
559 2228 776 2302 addendum
799 2246 877 2319 est,
897 2235 1067 2331 proponi.
1079 2235 1126 2308 ab

119 2351 253 2427 'uelem
282 2349 438 2423 medicis
462 2374 550 2422 oum
574 2348 796 2447 pulsationis
821 2365 859 2422 et
883 2374 961 2421 uon
989 2351 1128 2424 modici

119 2468 260 2545 caloris
277 2491 388 2540 sensu
402 2467 671 2564 conjunctum,
687 2466 835 2564 qualem
854 2469 893 2538 in
913 2469 1016 2540 nulla
1032 2472 1130 2542 inve-

119 2589 200 2665 nies
217 2601 438 2658 nostrarum
454 2585 780 2674 observationum
798 2587 875 2655 imo
897 2587 1061 2683 aliquam
1073 2588 1126 2685 (α)

119 2729 224 2807 eges·
239 2705 283 2776 irr
296 2729 372 2802 qua
391 2728 478 2776 cum
493 2702 540 2775 de
560 2703 784 2802 pulsationis
803 2717 840 2774 et
861 2703 995 2777 caloris
1016 2729 1126 2777 sensu

119 2822 345 2901 nominatim
372 2846 603 2921 quaererem,
623 2820 761 2893 diserte
785 2829 989 2918 utrumque
1014 2847 1129 2921 nega.-

119 2922 198 3017 mm
227 2955 294 3012 est.
324 2943 368 3011 in
395 2939 569 3039 pluribus
595 2938 653 3037 (3)
677 2939 805 3037 potius
824 2939 988 3035 reperies
1010 2941 1061 3011 sic
1081 2941 1127 3012 ab

119 3059 224 3163 'gris
242 3057 413 3130 dolorem
437 3057 692 3155 descriptum,
709 3055 815 3154 quasi
841 3079 952 3128 canes
980 3057 1129 3132 morde·

119 3192 216 3255 rent.
237 3179 437 3247 Pommtur
453 3176 567 3248 etiam
580 3173 627 3246 ab
643 3173 775 3246 iisdem
794 3173 1041 3271 scriptoribus
1057 3177 1130 3248 alvi

119 3293 312 3370 edstriotio
345 3307 383 3365 et
407 3293 547 3366 assidui
575 3292 761 3380 vomitus,
787 3294 993 3389 praesertim
1019 3295 1049 3366 si
1074 3296 1130 3366 in-

119 3392 308 3488 brumati
338 3411 413 3483 sint
445 3413 575 3481 sennia
605 3409 805 3493 intestina,
831 3423 873 3481 ut
895 3427 1129 3483 recrementa

152 3714 425 3796 (1)N.14et21.

153 3815 203 3893 (a)
226 3814 323 3890 Epist.
342 3815 441 3884 34,·n.
457 3832 486 3887 9.
528 3804 529 3809 ¹

153 3915 201 3993 (s)
223 3914 302 3973 mu.
317 3926 346 3970 ee
360 3935 391 3969 n.
411 3912 445 4021 qs
457 3922 486 3967 ee
502 3909 555 3980 25,
573 3877 942 3984 etinhac.‚apat'.n.1e÷.

869 4094 878 4127 i
