2580 4514
109 422 180 471 ma.
202 423 257 470 111.
278 425 322 471 na
341 423 663 486 nonsummum,
680 413 790 471 rrr'sr.
812 425 962 474 xxxvru.
992 401 1058 477 581

14 582 20 591 ι
54 535 254 633 quomodo
272 535 500 609 Mercklinus
515 537 591 627 (1),
614 551 813 635 postquam
840 562 903 609 aer
925 562 1063 635 magno

57 675 150 724 cum
169 677 264 724 sono
282 678 324 724 ex
348 651 479 724 leviter
496 653 618 726 inciso
637 651 839 725 abdomine
866 669 1061 751 eruperat,

10 762 14 808 ²
57 784 97 841 et
114 768 189 841 hoc
206 769 398 861 confestim
415 784 533 841 totum
554 769 786 857 conciderat,
808 773 973 842 instituto
995 796 1062 844 ex·

60 892 207 985 tispicio
225 889 461 985 conspexerit
477 888 724 960 ventriculum
748 914 825 960 una
843 911 926 959 cum
944 895 1064 959 omni-

60 1005 129 1075 bus
148 1007 299 1074 omnino
319 1009 499 1075 intestinis
521 1011 682 1077 immane
701 1020 885 1104 quantum
907 1007 1061 1101 inflatis-

58 1126 146 1191 simi
158 1120 308 1192 utriculi
321 1119 493 1192 adinstar
505 1120 710 1195 distentum.
728 1128 808 1195 Huc
822 1121 917 1194 adde
935 1122 1061 1195 obser-

54 1239 244 1308 vationem
267 1237 311 1309 ad
324 1237 421 1309 hanc
434 1237 683 1310 dirimendam
702 1241 996 1312 controversiam
1014 1239 1063 1312 ab

55 1355 226 1428 Heistero
242 1354 296 1453 (a)
310 1357 553 1453 propositam.
565 1359 610 1424 Iu
622 1355 779 1429 muliere
794 1382 876 1453 quae
895 1371 1062 1429 ventrem

53 1472 219 1544 habebat
235 1471 350 1545 valde
367 1471 580 1559 distentum,
601 1496 687 1543 cum
703 1471 828 1544 subito
848 1488 944 1545 esset
962 1498 1060 1549 mor·

53 1603 138 1676 tua,
150 1587 248 1662 idem
264 1588 398 1660 accidit
417 1590 520 1686 quod
535 1588 670 1660 vidisse
691 1586 943 1660 Mereklinum
968 1590 1060 1662 dixi·

54 1730 158 1795 mus,
176 1705 288 1778 simul
308 1731 354 1777 ac
370 1711 545 1804 exiguum
562 1703 700 1779 vulnus
711 1711 960 1804 peritonaenm
971 1732 1062 1806 per-

40 1826 262 1915 flaraveraa·
282 1823 347 1894 sed
362 1846 440 1893 non
452 1824 626 1896 intestina
646 1823 692 1896 ab
708 1848 793 1896 aere
813 1834 1066 1899 occurrerunt

52 1962 237 2035 expansa3
256 1940 334 2010 imo
353 1939 427 2010 hoc
449 1937 519 2011 fuit
547 1941 642 2012 illud
664 1940 821 2013 cadaver
840 1940 880 2012 in
905 1964 982 2037 quo
1005 1945 1061 2010 in-

55 2060 188 2125 testina
197 2071 319 2154 prout
336 2043 435 2127 alias
452 2062 659 2128 insanisse
678 2057 875 2129 habebant.
897 2059 965 2128 Hic
981 2082 1059 2128 non

54 2169 195 2260 dicam,
216 2173 246 2245 si
260 2182 368 2245 antea
387 2171 434 2244 ab
452 2173 605 2244 inclusis
623 2171 772 2245 flatibus
790 2171 884 2243 adeo
907 2171 1069 2245 fuissent·
1134 2188 1136 2192 “

54 2287 236 2378 distenta,
254 2316 386 2362 eorum
402 2290 720 2388 aliquaindicium
734 2289 847 2384 hujus
866 2289 1060 2362 distentio-

18 2494 22 2499 ·
52 2406 116 2478 nis
132 2397 321 2478 servatura
340 2405 475 2495 fuisse,
496 2408 571 2478 sive
588 2405 893 2490 crassitudinem,
911 2407 986 2479 sive
1004 2431 1059 2478 se-

54 2523 144 2596 dem
162 2539 358 2623 spectares.
375 2529 455 2595 Hoc
471 2549 589 2595 unum
608 2523 747 2610 dicam,
766 2546 852 2592 cum
869 2536 925 2594 tot
943 2524 1064 2621 rogati

55 2656 94 2714 et
110 2640 244 2712 medici
261 2657 297 2714 et
310 2641 477 2740 chirurgi
488 2639 855 2713 Amstelodamenses
868 2639 1058 2726 adessent,

54 2758 97 2827 in
114 2758 234 2854 iisque
253 2759 487 2831 anatomicus
505 2760 661 2830 eximius
680 2756 908 2855 Ruyschius,
928 2762 1064 2854 praet'e'r

56 2875 199 2972 ipsum,
214 2875 393 2970 juvenem
411 2875 586 2972 quidem,
607 2875 670 2948 sed
682 2876 759 2970 jam
786 2889 866 2946 tum
887 2878 1071 2972 praestari·

58 3006 138 3064 tem
152 2993 191 3062 iu
202 2993 331 3064 eadem
344 2991 516 3065 facultate
526 3049 536 3082 ‚
545 2980 774 3077 Heisterum3
792 3016 871 3063 nun
884 3015 992 3089 posse
1007 3014 1066 3062 me

58 3107 197 3179 adduci
215 3126 257 3180 ut
266 3109 435 3197 credam,
452 3111 482 3183 si
493 3110 690 3209 quidpiam
706 3108 804 3180 ultra
822 3108 1070 3206 peritouaeum
1132 3174 1139 3192 „

61 3225 192 3298 fuisset
220 3227 403 3314 incisum,
428 3253 507 3299 non
534 3229 717 3298 continuo
743 3251 875 3297 eorum
905 3226 1072 3324 aliquem

62 3342 175 3416 fuisse
192 3342 417 3441 agniturum.
444 3346 513 3415 Hic
536 3360 658 3415 autem
685 3358 759 3414 ate
783 3344 971 3441 expectari
992 3334 1072 3414 non'

64 3477 179 3560 puto,
199 3478 240 3532 ut
259 3460 402 3551 iubae,
430 3462 586 3557 aliisque
606 3461 717 3556 hujus
743 3462 891 3557 generis
914 3461 1076 3532 clarissi-

65 3602 215 3649 morum
233 3594 431 3649 auctorum
447 3576 772 3651 observationibus
786 3578 949 3676 suspicio
960 3576 1076 3647 altera
1122 3650 1128 3658 ,

110 3858 153 3935 (1)
176 3860 254 3918 lbid.

112 3959 156 4039 (a)
177 3960 255 4018 Ibid.
305 3968 308 3972 “
399 3984 400 3988 ’
