2580 4514
138 393 210 488 390
309 397 355 456 ns
380 404 525 454 ssniros
550 406 594 451 sr
618 404 741 452 clusis
766 405 979 457 nonnosum
1076 411 1084 423 ·

137 527 322 601 ravimus,
343 543 506 617 quorum
527 515 720 588 observata
739 519 884 590 utinam
898 546 947 593 ne
960 521 1125 621 upudnos

138 664 294 742 quoque
308 634 449 707 crebris
464 632 649 729 ejusmodi
660 631 836 723 febrium,
846 636 911 708 sed
927 639 1025 712 male
1038 664 1127 711 cora·

80 780 83 793 '
138 779 281 843 tarum,
299 750 614 825 confirmarentur
638 751 826 849 exemplis.
846 757 939 845 Ques
968 781 988 827 a
1012 759 1129 856 priscis

139 879 249 950 etiam
271 871 425 944 medicis
443 866 553 939 fuisse
571 868 849 958 animadversa,
874 872 1129 971 Hippocratis,

138 996 198 1067 vel
217 994 343 1091 potius
354 985 482 1084 Polybi
499 985 577 1057 herc
591 984 705 1057 verba
726 989 942 1060 testimonio
959 1007 1050 1063 sunt
1065 992 1129 1088 (ip

141 1114 315 1196 Morbus,
335 1106 441 1177 idest
463 1102 601 1202 splenis
621 1119 769 1192 tumor,
777 1108 851 1202 fit,
871 1131 955 1178 eum
972 1111 1133 1202 exsebri·

139 1233 227 1315 bus,
248 1243 286 1299 et
304 1224 408 1297 nzala
435 1227 650 1309 curatione,
677 1222 761 1294 bilis
777 1277 788 1312 ,
806 1241 875 1295 aut
889 1231 1058 1323 pituita,
1076 1241 1134 1298 aut

138 1348 251 1418 umbo
264 1351 302 1414 in
312 1340 475 1441 splenem
489 1341 727 1410 incubuerint.
746 1344 888 1412 Inxum
903 1342 1006 1414 enim
1021 1368 1088 1442 per
1102 1366 1132 1415 u

135 1467 278 1548 viscus,
297 1475 333 1531 et
350 1457 593 1543 cellulosum,
618 1471 655 1528 et
680 1483 723 1529 ex
742 1483 819 1554 quo
835 1457 963 1532 lentus
984 1476 1041 1532 est
1060 1484 1132 1533 san·

136 1582 258 1682 guinis
274 1574 435 1662 reditus,
453 1575 594 1672 quippe
612 1573 730 1673 hepar
746 1591 853 1647 antea
869 1601 987 1674 quam
1005 1601 1132 1649 verram

136 1723 263 1771 cavum
291 1693 439 1779 subeat,
455 1693 669 1788 trajecturi,
688 1694 847 1785 maxime
875 1710 1132 1792 opportunum

134 1832 190 1890 est
201 1809 439 1889 tumoribus,
458 1811 659 1907 prasertim
674 1811 704 1881 si
718 1810 899 1882 diuturno
916 1811 1059 1883 morbo
1069 1812 1132 1885 exi·

135 1935 218 2032 guis
229 1931 309 2026 ejus
319 1927 460 2000 viribus
472 1925 678 2012 infirmatis,
691 1929 873 2025 sanguiue
887 1944 1016 2001 autem
1028 1930 1132 2001 inerti

136 2049 252 2138 facto,
269 2048 437 2146 quaedam
456 2048 495 2116 in
524 2045 596 2116 hoc
618 2045 747 2116 relicta
772 2045 847 2116 sint
867 2070 951 2143 quae
971 2062 1036 2119 aut
1059 2071 1132 2119 cor·

135 2169 228 2267 rigi,
249 2181 311 2236 aut
334 2179 434 2235 extra
459 2187 597 2261 corpus
616 2162 699 2258 ejici
725 2161 955 2235 debuissent.
976 2165 1132 2266 Segoitic

136 2287 236 2357 enim
265 2299 387 2354 motus
412 2282 602 2378 sanguinis
631 2280 680 2350 ob
711 2279 778 2351 has
802 2304 934 2352 causas
964 2281 1132 2369 adaucta,

136 2403 225 2474 dum
245 2403 295 2487 is,
315 2400 421 2496 quasi
441 2400 570 2469 limosa
588 2423 687 2494 aqua
706 2413 807 2469 extra
825 2399 997 2486 alveum,
1013 2401 1053 2470 in
1071 2399 1130 2471 lie·

137 2522 195 2593 nis
214 2519 367 2590 cellulas
384 2516 550 2601 divertit,
568 2517 608 2585 in
629 2517 693 2602 iis,
713 2515 848 2612 siquid
864 2515 981 2588 babet
998 2518 1132 2616 gravio·

134 2662 219 2710 rum
232 2660 345 2734 quam
357 2649 489 2711 natura
500 2630 608 2722 ferat,
621 2633 956 2731 corpusculorum,
970 2634 1132 2735 deponit,

135 2759 264 2854 sicque
280 2755 442 2826 reditum
459 2751 530 2823 sibi
545 2777 588 2822 ex
607 2767 711 2849 parte
730 2751 970 2824 obstruendo
987 2808 999 2842 ,
1024 2752 1133 2853 magis

134 2875 256 2973 ipsas,
283 2874 474 2970 magisque
498 2868 686 2940 distendit.
708 2872 875 2960 Quarum
908 2869 1132 2943 distentione

134 3006 278 3088 quanto
305 2990 420 3086 magis
436 3001 537 3058 totus
550 2988 625 3056 lien
646 2986 888 3074 distenditur,
909 3002 1021 3060 tanto
1034 2986 1132 3060 infir·

133 3111 233 3180 mior
250 3106 313 3191 fit,
339 3107 531 3203 magisque
556 3121 755 3204 propterea
783 3102 978 3178 obnoxius
996 3109 1041 3180 iis
1059 3124 1132 3205 qus

135 3226 314 3320 deinceps
343 3223 525 3310 influunt,¹
551 3247 684 3321 magna
708 3248 754 3293 ex
782 3237 888 3320 parte
917 3223 1131 3296 retinendis

134 3347 267 3439 Itaque
281 3341 538 3426 incredibilem
551 3340 754 3437 aliquando
769 3342 807 3408 in
822 3341 982 3411 modum
996 3364 1133 3413 excres-

135 3461 204 3544 cit,
226 3476 264 3530 ut
284 3461 342 3530 vel
362 3460 450 3528 olim
471 3461 584 3529 AEtius
601 3464 755 3554 inguina
774 3463 989 3554 contingere
1001 3461 1039 3530 iu
1058 3458 1134 3557 qui·

31 3616 35 3625 ·
132 3577 292 3656 busdam
314 3566 526 3672 scripserit,
556 3576 651 3648 sicut
671 3577 708 3646 in
730 3575 875 3646 scholio
900 3576 1005 3675 leges
1029 3577 1135 3676 paulo

134 3713 218 3768 autc
237 3695 449 3792 designato,
465 3695 533 3766 nisi
552 3693 657 3791 quod
675 3719 758 3766 curu
776 3693 813 3764 id
830 3695 1027 3794 scripsisse
1044 3695 1134 3767 diea-

169 3975 214 4051 (1)
235 3977 443 4034 De-nst'ection.
462 3996 492 4033 n.
508 3961 555 4032 nt.
