2580 4514
156 376 227 452 326
314 402 360 450 DE
386 402 530 450 statutis
554 402 597 451 ET
624 402 746 450 CAUSIS
771 404 982 451 ttonnonttrt

153 518 335 614 sanguine
354 517 505 605 emisso,
525 514 630 587 facile
647 515 756 588 tolles
769 517 783 586 P
794 516 915 606 Quid,
936 518 967 589 si
984 540 1027 590 ea
1042 541 1132 589 causa

152 658 290 706 nervos
317 634 502 706 convellat
531 658 611 730 quae
641 631 863 731 perdifficile
882 633 987 704 vinei
1012 634 1134 732 possit,

152 767 216 824 ant
233 756 262 826 si
282 747 376 822 forte
393 749 440 822 ad
456 766 605 849 tempus
622 748 882 822 brevissimum
907 752 1030 840 vinci,
1046 772 1134 836 mor,

153 884 195 941 ut
223 871 262 939 in
293 868 519 940 convulsivis
546 866 741 939 affectibus
769 892 933 966 persaepe
950 865 1014 956 fit,
1037 864 1134 939 vehe-

151 987 313 1059 mentius
326 988 495 1083 insurgat
508 986 523 1055 ?
536 985 671 1082 Accipe
690 985 798 1082 qnid,
818 1010 877 1056 me
900 984 1063 1083 degente
1079 988 1135 1055 Bo

151 1105 294 1203 noniae,
312 1103 500 1175 acciderit.
515 1102 724 1174 Monachus
733 1119 832 1190 erat,
847 1127 962 1175 senex
974 1102 1135 1201 quidem,

151 1221 215 1293 sed
244 1244 357 1319 quam
386 1219 680 1292 robustissimus
700 1224 810 1292 Hunc
833 1220 939 1291 nulla
966 1246 1014 1291 ex
1037 1219 1136 1291 mani·

151 1336 241 1410 festa
259 1363 393 1427 causa,
413 1338 485 1408 nisi
502 1335 597 1408 forte
609 1362 653 1408 ex
669 1335 827 1435 frigore,
846 1352 883 1409 et
895 1336 1136 1425 labore,'ven·

149 1457 216 1527 tris
233 1457 342 1527 dolor
357 1456 403 1527 de
423 1456 626 1553 improviso
640 1455 782 1526 invadit
801 1470 949 1543 tantus,
967 1471 1012 1527 ut
1028 1455 1136 1526 horni-

150 1600 236 1646 nem
246 1598 317 1645 nec
328 1590 423 1645 stare
437 1573 521 1642 loco
530 1574 642 1661 sinat,
658 1587 694 1643 et
704 1572 862 1644 clamare
871 1588 994 1671 cogat.
1002 1554 1136 1644 Frustra

150 1693 275 1763 oleum
294 1690 570 1787 amygdalinum
596 1689 725 1760 datum
749 1705 830 1779 est,
855 1688 993 1763 frustra
1014 1690 1136 1787 injecta

150 1824 340 1894 onomata,
361 1805 496 1879 frustra
516 1809 664 1907 sanguis
692 1834 712 1880 e
740 1808 836 1906 pede
863 1810 1011 1880 missus.
1034 1806 1136 1878 Nullo

150 1926 288 1997 auxilio
307 1925 512 2023 quidquam
523 1927 694 2021 juvante,
710 1927 817 1996 intra·
828 1923 941 1996 horas
952 1922 1057 1996 haud
1072 1948 1136 1996 am·

149 2043 248 2140 plius
269 2041 490 2129 duodecim,
515 2067 600 2113 cnm
625 2043 757 2113 dentes
776 2040 835 2113 bis
858 2057 960 2115 terve
984 2036 1135 2113 interae

150 2159 367 2247 collisisset,
386 2175 558 2230 mortuus
585 2174 649 2230 est.
674 2162 759 2229 Non
786 2157 964 2230 adversus
997 2158 1136 2232 utilissi·

148 2302 277 2366 mum,
302 2279 331 2349 si
357 2278 574 2375 tempestive
592 2278 731 2363 utaris,
752 2276 932 2347 auxilium
956 2300 1050 2376 sang
1079 2278 1085 2290 '
1114 2276 1139 2346 is

148 2397 364 2468 missionem
389 2396 467 2467 hac
493 2396 628 2467 scribo.
655 2395 727 2467 Sed
757 2395 849 2491 quid
874 2395 950 2466 cito
977 2396 1059 2466 acci
1083 2418 1139 2466 ere

147 2514 208 2584 vel
237 2528 321 2611 post
345 2512 441 2584 hanc
464 2515 503 2583 in
529 2512 671 2584 morbis
698 2511 977 2608 ejusdemmodi
1004 2514 1138 2612 possit,

147 2632 213 2703 ubi
234 2631 457 2729 prevaleant
485 2630 746 2701 convulsiones
765 2629 1062 2719 violentissimae,
1083 2628 1140 2701 ad·

147 2774 315 2833 moneo,
343 2764 385 2820 ut
410 2765 447 2819 et
468 2750 560 2819 scias
579 2748 682 2845 ipse,
707 2761 744 2818 et
772 2761 860 2817 ante
887 2745 1029 2818 docere
1056 2747 1141 2818 alios

144 2892 282 2964 queas,
301 2892 381 2937 non
403 2891 483 2938 esse
506 2882 644 2936 temere
664 2888 843 2962 magnum
863 2865 1045 2936 auxilium
1067 2864 1139 2937 cul·

144 2984 333 3080 pandum,
354 2986 387 3054 si
409 2981 503 3054 forte
524 2982 604 3077 ejus
623 3006 732 3053 usum
750 2983 933 3053 continuo
950 2983 1074 3054 exitus
1087 2983 1139 3052 in·

142 3098 231 3171 felix
248 3114 512 3195 consequatur.
526 3101 712 3188 Quoniam
727 3124 839 3187 vero,
856 3099 1047 3196 quidquid
1060 3122 1140 3197 pra·

142 3241 315 3304 moneas,
335 3218 454 3315 turpis
466 3242 612 3315 semper
623 3216 723 3315 apud
741 3217 944 3313 plerosque
954 3217 1141 3288 calamitas

141 3350 218 3423 est,
236 3335 266 3405 si
282 3335 353 3403 cita
372 3359 473 3406 mors
489 3337 667 3405 auxilium
684 3358 862 3430 magnum
883 3332 1067 3432 excipiat,
1084 3336 1137 3405 in·

139 3436 275 3550 telligis
300 3476 388 3523 sane
415 3477 485 3522 our
501 3452 668 3522 Valsalva
686 3451 871 3547 ejusmodi
888 3452 1137 3524 remediorum

138 3592 247 3639 usum
267 3569 306 3637 in
327 3567 385 3639 his
404 3567 548 3639 morbis
565 3582 769 3639 vereretur.

189 3684 220 3756 5.
248 3685 345 3776 Quid
373 3712 486 3775 vern,
511 3687 543 3757 si
566 3686 754 3758 cadaveris
783 3685 957 3759 dissectio
988 3706 1134 3757 omnem

136 3805 284 3874 medico
304 3806 581 3876 excusationem
606 3805 767 3902 eripiat?
783 3809 908 3877 Potest
929 3805 1033 3877 enim
1050 3826 1134 3874 con·

134 3923 278 4010 vulsie,
299 3937 341 3992 ut
358 3947 436 3992 non
449 3922 598 4010 redeat,
615 3948 694 3995 eam
710 3939 858 4012 tamen,
876 3924 1086 4021 intercepto
1098 3920 1132 3987 in
