2580 4514
180 332 252 381 tta.
275 332 331 381 111.
359 333 413 381 mt-
431 332 567 381 uoltms
585 333 754 394 veternis,
778 332 889 382 rrlsr.
916 332 1036 384 xxxiv.
1067 338 1139 413 279

131 445 329 533 mutire,
360 445 520 519 alterum
546 470 591 518 ex
620 445 715 517 lecte
747 459 784 517 et
807 445 935 519 vitello
962 449 1042 539 ovi3
1070 449 1137 523 sed

132 563 258 641 nihilo
275 562 369 662 plus
378 564 632 661 prestiterunt
648 584 760 661 quam
778 563 873 635 illud
897 566 1014 662 prius.
1042 571 1137 640 Cum

132 695 461 757 recrementorum
474 680 573 753 nibil
583 704 753 777 unquam
767 680 1009 778 dejiceretur,
1024 688 1061 756 el
1076 704 1139 758 cae-

132 813 217 871 tera
245 823 330 896 quae
357 813 446 883 sunt
476 798 576 871 dieta
601 806 813 887 manerent,
837 798 967 897 pulsus
991 817 1139 896 autem,

134 916 310 1013 quamvis
326 929 412 1014 post
427 914 529 988 diem
547 930 691 988 sextum
709 940 788 988 non
801 916 962 1015 emplius
977 919 1141 1018 inaqua-

134 1033 199 1123 tis,
214 1032 380 1105 debilior
390 1057 434 1105 ec
454 1034 581 1105 minor
598 1032 707 1107 fieret
724 1035 797 1123 sic,
816 1050 860 1107 ut
871 1035 932 1109 die
948 1056 1141 1133 nonoma·

134 1177 186 1223 ne
202 1151 400 1249 percipere
423 1152 495 1240 vix,
511 1176 706 1250 possemus
715 1172 732 1242 ,·
745 1166 782 1225 et
797 1153 874 1248 jum
901 1169 987 1226 cute
1007 1175 1140 1228 corru-

135 1284 243 1368 gata,
262 1266 486 1366 frigescente
498 1292 680 1370 corpore,
696 1296 793 1371 eger
803 1294 928 1369 neque
940 1271 1140 1371 palpebris

133 1385 311 1459 attollere
330 1385 491 1476 valeret,
510 1398 548 1461 et
561 1390 623 1459 vix
640 1388 802 1487 amplius
816 1387 943 1487 loqui,
962 1390 1071 1488 petiit
1086 1405 1140 1463 ta-

133 1528 226 1575 men
242 1504 395 1592 vinum‚
408 1490 664 1603 paulatimque
672 1503 868 1595 deficiens,
879 1507 1050 1606 proxima
1062 1523 1141 1582 tan·

134 1620 225 1694 dem
242 1637 355 1694 nocte
366 1621 513 1720 placide
524 1622 627 1694 obiit.

147 1788 151 1809 .
184 1739 356 1821 Cadaver
383 1740 612 1838 squallidum
636 1755 674 1812 et
698 1741 861 1829 siceum,
889 1756 976 1814 cute
998 1743 1140 1841 rigido,
1212 1820 1214 1824 ,

133 1880 209 1932 nec
220 1859 304 1931 sine
319 1856 444 1930 scabie
454 1857 579 1956 aliqua
590 1910 601 1947 ‚
614 1859 828 1956 insequenti
840 1875 953 1932 nocte
962 1858 1140 1933 dissecui-

135 1996 236 2049 mus.
249 1979 306 2047 Ex
325 1990 457 2074 operto
474 1990 604 2049 ventre
622 1973 721 2049 letor
741 1976 864 2074 qualis
881 2000 926 2047 ex
942 1996 1141 2076 gangrena

135 2093 244 2167 solet.
273 2096 478 2193 Omentum
507 2093 547 2163 in
570 2091 742 2165 herniam
769 2117 891 2190 usque
921 2109 1138 2186 extensum,

134 2226 262 2285 totum
279 2230 325 2281 ex
339 2207 634 2283 inflammatione
656 2208 841 2300 rubebat,
864 2210 895 2282 si
913 2208 1006 2284 latas
1029 2226 1140 2310 quas·

134 2327 225 2405 dam
242 2328 353 2424 quasi
365 2327 484 2400 linens
499 2329 691 2426 exciperes
708 2329 748 2398 in
775 2343 1027 2403 transversum
1053 2322 1139 2406 duc·

133 2460 204 2519 tas.
221 2445 315 2517 Lien
329 2445 453 2544 aliqua
468 2471 515 2518 ex
527 2460 633 2543 purte
650 2443 830 2518 morboso
844 2447 963 2539 lirpre
979 2443 1140 2521 infectus

134 2579 237 2651 erat,
254 2563 462 2636 introrsum
481 2582 658 2662 quoque,
674 2564 821 2636 tametsi
845 2563 895 2635 ad
911 2584 1064 2662 parvam
1084 2566 1139 2636 al-

134 2681 340 2755 titudinem
371 2690 591 2780 propagato.
625 2679 870 2754 Ventriculus
900 2680 1139 2754 dextrorsum

135 2799 263 2873 multo
281 2801 401 2898 magis
416 2823 530 2897 quam
556 2799 674 2872 soleat
690 2823 728 2872 se
747 2797 984 2898 porrigebat,
999 2798 1139 2871 disten·

135 2934 199 2992 tue
228 2932 333 2991 totus
357 2919 512 3008 materia
540 2915 724 3005 substare,
750 2915 847 2988 nibil
878 2917 996 3013 magis
1023 2932 1138 3017 quant

137 3051 285 3111 stercus
298 3033 477 3124 fluidum,
494 3034 696 3126 referente,
710 3034 831 3133 qualis
839 3035 1014 3107 intestina
1027 3035 1140 3107 etiarn

137 3155 269 3249 tenuia
292 3176 313 3225 a
338 3154 550 3227 ventriculo
573 3153 622 3226 ad
640 3153 812 3226 herniam
831 3176 952 3251 usque
969 3153 1141 3251 impense

121 3268 387 3345 ,distendebat
418 3271 614 3370 Quidquid
636 3289 761 3344 autem
791 3296 836 3344 ex
857 3270 932 3343 ileo
951 3269 999 3342 ad
1019 3292 1141 3342 crassa

138 3414 263 3488 usque
293 3388 479 3478 restabat,
514 3389 678 3463 restabat
712 3404 837 3461 autem
881 3388 1070 3474 multum,
1103 3402 1141 3460 et

139 3531 265 3581 crassa
291 3505 372 3606 ipsa
392 3508 520 3579 omnia
547 3505 656 3579 valde
675 3496 782 3579 erant
807 3485 999 3577 contracta
1025 3508 1140 3600 alque

140 3624 248 3714 alba;
264 3641 305 3698 ut
324 3623 564 3699 manilestum
591 3640 687 3698 esset
701 3623 798 3695 nihil
828 3646 898 3723 per
915 3622 978 3694 ilei
995 3635 1141 3720 partem

141 3745 332 3817 transiisse
347 3766 428 3843 qrtae
451 3744 501 3816 ad
522 3743 695 3816 herniam
714 3739 946 3841 pertinebat3
970 3740 1142 3837 quamvis

143 3884 223 3935 non
245 3862 328 3960 ipse
351 3863 520 3937 intestini
535 3861 651 3935 tubus
666 3859 807 3934 berniae
830 3857 1018 3932 orificium
1038 3855 1145 3928 subi-
