2580 4514
180 417 248 469 tre.
282 422 338 468 111.
366 423 413 467 ue
440 419 576 467 noeais
601 418 771 484 vaurms,
796 418 908 467 ertsr.
937 416 1033 467 xxlx.
1070 394 1115 491 75

117 532 228 606 chreti
246 534 413 606 sectione
427 537 512 605 VIII
525 534 693 630 (1)juxta
710 531 805 603 iilud
822 530 1009 604 orificium
1025 556 1117 602 ven·

117 651 264 724 riculus
285 652 389 723 intus
406 674 559 738 exesus,
576 652 616 721 in
632 651 703 722 hac
716 666 842 724 autem
856 654 910 743 (a)
927 650 1116 722 orificium

117 793 227 868 psum
241 784 281 840 et
298 771 462 842 exterius
477 767 586 840 valde
599 784 751 841 tumens
766 768 928 867 legatur,
948 793 1018 841 nec
1036 771 1116 840 sine

117 888 264 960 'omicis
280 886 369 958 albo
394 910 488 985 pure
506 883 671 975 refertis,
693 889 852 959 interius
873 903 999 959 autem
1022 885 1117 960 skir-

117 1005 260 1078 ·hosum
277 1058 288 1094 ,
305 1020 344 1077 et
361 1004 548 1105 induratis
567 1004 819 1076 albicantibus
832 1003 1020 1105 glandulis
1038 1029 1118 1075 ma-

117 1126 157 1220 gis
174 1146 295 1222 quam
311 1123 512 1195 ventriculi
523 1147 610 1222 pars
625 1125 790 1220 reliqua,
803 1120 1012 1194 obsessum.
1031 1127 1120 1193 Por·

118 1266 148 1314 ·o
170 1258 304 1315 autem
329 1264 418 1313 cum
444 1242 483 1312 in
511 1241 672 1312 laudatis
695 1241 902 1312 Hermanni
924 1255 961 1311 et
980 1242 1118 1311 Basteri

118 1358 444 1432 ›bservationibus
456 1361 508 1431 ita
525 1382 612 1431 cum
626 1360 751 1458 pylori
766 1358 958 1431 ulceribus
972 1380 1119 1429 excres-

118 1476 435 1573 :entiasejusdem
455 1478 531 1550 sive
551 1478 811 1577 glandulosas,
841 1479 917 1549 sive
944 1474 1120 1573 fungosae

118 1597 334 1693 :onjunctas
351 1594 510 1684 videris,
535 1611 579 1669 ut
604 1595 661 1668 hae
678 1596 833 1695 quidem
854 1594 958 1667 credi
975 1594 1121 1693 possint

118 1740 157 1787 ex
171 1714 339 1786 ulcerata
364 1714 488 1812 pylori
504 1713 714 1787 substantia
739 1714 971 1812 procrevisse
985 1739 995 1801 ;
1014 1709 1121 1783 facile

118 1857 275 1930 quaeres,
294 1857 389 1903 num
410 1833 669 1904 excrescentiac
682 1850 837 1930 qttoque
853 1847 1012 1919 caterae,
1029 1854 1123 1928 quas

118 1949 171 2021 alii
184 1973 337 2047 nosque
354 1950 427 2048 ipsi
444 1965 524 2021 tum
539 1949 701 2040 adeam,
716 1965 799 2021 tum
816 1949 864 2019 ad
878 1949 968 2020 alias
984 1950 1122 2020 ventri-

119 2067 187 2139 ruli
207 2083 336 2168 partes
347 2068 552 2165 aliquando
576 2069 864 2166 conspeximus,
887 2069 962 2138 sint
987 2092 1033 2138 ex
1056 2067 1123 2136 ali-

119 2208 189 2283 quo
210 2186 295 2282 ejus
320 2187 447 2259 ulcere
466 2201 659 2285 prognatae
679 2210 825 2258 omnes·
839 2166 1123 2258 existimandae?

119 2303 227 2376 Vides
243 2304 365 2392 enim,
393 2305 556 2403 exempli
576 2327 706 2394 causa,
730 2305 771 2374 in
786 2303 1063 2375 Additamentis
1076 2301 1123 2373 ad

119 2421 212 2494 hanc
229 2424 437 2495 sectionem
451 2424 504 2517 (3)
523 2447 545 2492 a
559 2423 717 2495 Paulino
737 2423 953 2495 observatas
974 2423 1014 2492 in
1034 2446 1125 2493 veu-

119 2541 253 2612 triculo
276 2564 456 2613 verrucas
480 2542 574 2614 duas
600 2542 698 2614 circa
727 2543 919 2614 sinistrum
938 2538 1125 2612 orificium

120 2683 198 2731 cum
217 2658 426 2731 radicesue
438 2660 603 2754 fimiter
617 2674 806 2748 annotat,
823 2660 978 2730 alteram
1000 2658 1126 2729 mino-

120 2778 167 2849 ris
182 2777 309 2876 pomi,
330 2776 485 2848 alteram
504 2776 715 2875 grandioris
743 2777 918 2847 avellanae
943 2775 1128 2872 magnitu-

120 2893 224 2982 dine,
237 2893 381 2965 nuliam
392 2909 519 2966 eutem
534 2895 671 2966 ulceris
684 2894 788 2966 unde
799 2896 1019 2979 existerent,
1030 2916 1129 2962 men·

120 3014 261 3085 tionem
294 3011 401 3102 fieri3
437 3014 607 3111 quamvis
642 3028 750 3084 antea
784 3036 922 3099 massa,
953 3009 1128 3109 glandem

120 3154 290 3230 equans,
311 3132 433 3204 multo
456 3157 543 3203 cum
561 3133 744 3230 sanguine
765 3127 894 3202 fuisset
916 3155 987 3230 per
1008 3129 1130 3199 vomi-

122 3263 200 3320 tum
221 3249 361 3345 rejecta
379 3276 387 3318 ε
404 3265 442 3320 et
460 3274 548 3321 sane
571 3253 668 3322 cutis
684 3274 860 3322 verrucas
880 3247 1008 3320 videre
1032 3247 1130 3318 soliti

123 3386 250 3439 sumus
271 3368 352 3438 sine
371 3367 511 3440 ulcere.
528 3372 584 3439 De
596 3368 798 3440 ventriculi
817 3382 943 3465 autern
961 3365 1131 3436 verrucis

125 3510 204 3583 quae
219 3483 359 3558 medici
373 3486 514 3560 Arabes
526 3487 778 3586 seripserunt,
795 3487 898 3584 leges
915 3484 1019 3583 apud
1032 3488 1130 3554 Mar-

977 3664 1127 3683 ...a-a
1174 3672 1178 3681 .

161 3770 205 3846 (1)
225 3770 299 3829 Obs.
315 3781 344 3840 4.

161 3868 203 3947 (a)
224 3872 260 3925 In
271 3871 363 3927 addit.
378 3873 442 3930 obs.
454 3872 482 3928 6.

162 3968 204 4047 (3)
224 3971 298 4028 uhu.
316 3969 341 4027 5.
