2580 4514
188 363 259 414 rra.
281 363 337 413 111.
365 364 412 412 na
437 360 575 411 monus
598 310 1044 427 vnurms,nr1si.xxxv1.
1073 339 1148 430 4οό

139 476 383 577 tipice-velim
398 530 408 562 ,
426 491 467 546 ut
491 477 521 546 si
537 476 680 571 justum
704 491 853 572 tempus
872 475 1002 564 datum
1025 478 1070 549 sit
1088 475 1148 549 ac-

109 688 114 692 ·
139 596 238 669 tioni
253 617 450 666 causarum
472 592 628 679 harum,
646 587 816 690 nihilque
837 593 882 665 sit
894 594 1000 691 quod
1026 595 1153 694 ipsam,

138 709 339 810 impediat,
356 707 511 782 effectus
529 733 625 809 quos
640 709 824 798 diximus,
841 727 1146 809 consequentum

99 826 101 829 ’
143 853 245 928 saepe
259 828 360 900 enim
376 883 385 916 ,
404 843 447 899 ut
462 827 575 926 paulo
589 842 675 899 ante
692 825 898 899 indicatum
921 843 995 915 est,
1020 852 1149 902 eonse-

146 960 344 1045 quuntur,
370 970 448 1016 non
476 969 633 1044 semper.
665 945 852 1042 Exemplis
874 945 979 1041 juvat
1005 966 1083 1018 rem
1108 947 1149 1016 il·

137 1065 310 1149 lustrare.
324 1067 521 1134 Latomum
540 1063 658 1136 secuit
670 1067 688 1132 J
691 1063 832 1133 acubus
846 1062 991 1160 Sylvius
1002 1062 1147 1160 (1),q·ui

100 1191 102 1194 ’
143 1179 266 1278 hepar
281 1178 445 1252 hahebat
467 1204 666 1278 maguum,
693 1196 730 1251 et
760 1181 858 1251 cocti
874 1181 991 1251 instar
1005 1180 1149 1278 pallens

139 1322 185 1371 ac
200 1312 394 1386 tenerum;
411 1296 548 1370 lienem
564 1321 655 1367 vero
673 1296 814 1368 cinerei
830 1297 991 1379 coloris,
1012 1312 1049 1369 et
1062 1322 1148 1369 cum

140 1413 302 1488 skirrhis
317 1412 470 1485 duobus
489 1414 612 1512 parvis
628 1414 811 1499 exterius,
830 1414 933 1486 intus
948 1415 1074 1485 autem
1088 1439 1150 1486 ve·

139 1533 199 1605 lut
230 1546 436 1605 excoctum.
464 1537 541 1605 Cur
565 1557 646 1603 non
674 1556 852 1631 magnum
882 1556 1034 1629 qnoque
1057 1532 1149 1603 lNe

139 1648 240 1722 forte
271 1649 401 1722 credas
435 1649 484 1720 oh
510 1649 804 1722 teneritudinem
833 1648 1034 1739 duntaxat,
1068 1675 1151 1746 quae

140 1781 255 1840 aucto
271 1766 410 1864 jecoris
436 1766 595 1865 ponderi
620 1766 888 1866 aequipollens,
913 1764 1150 1866 facilemper

139 1884 217 1956 hoc
234 1883 357 1956 viscus
374 1883 571 1956 transitum
584 1885 756 1983 sanguini
769 1898 1028 1963 conservarem
1042 1885 1147 1973 scias,

139 2025 229 2074 raro
245 2001 439 2101 exemplo,
456 1998 567 2074 fuisse
580 1997 629 2072 ⁴in
657 2001 722 2073 illo
750 2001 906 2074 homine
932 2026 1059 2074 ramos
1078 2015 1150 2074 tres

140 2123 321 2216 insignes,
340 2122 407 2215 qui
428 2119 477 2190 ab
492 2119 638 2191 sinistra
665 2144 766 2191 vena
790 2118 996 2216 emulgente
1015 2118 1071 2189 ad
1088 2120 1150 2191 lie-

140 2260 228 2321 nem
235 2237 482 2328 ferebantur,
508 2234 548 2307 id
565 2250 637 2323 est,
654 2249 698 2306 ut·
711 2259 813 2308 nunc
833 2237 1044 2307 circumitio
1072 2261 1151 2308 san-

142 2353 269 2453 guinis
288 2352 421 2442 docet,
448 2378 517 2453 per
548 2377 644 2450 quos
670 2377 804 2453 magna
827 2355 1023 2452 sanguinis.
1043 2378 1150 2452 par-S,
1206 2354 1210 2361 ’

122 2496 228 2570 1(Ῑιιω
245 2495 316 2570 per
330 2472 439 2568 jecur
457 2468 610 2544 difficile
637 2472 859 2558 transitura,
889 2471 1059 2570 splenem
1079 2496 1152 2543 res·

142 2586 291 2688 litando
315 2588 572 2676 distendisset,
595 2589 635 2658 in
659 2555 910 2686 emulgentem
933 2612 1066 2658 venam
1095 2587 1151 2658 di·
1203 2605 1209 2674 ζ

140 2721 322 2804 νιεηειέῑ.ι
337 2710 436 2779 Num
455 2698 545 2781 vero
570 2706 684 2779 iidem
707 2721 782 2779 tres
809 2712 903 2776 rami
931 2707 1151 2803 sanguinem

143 2825 257 2899 citius
274 2849 386 2922 quarn
416 2822 510 2897 ferat
533 2826 641 2898 lienis
667 2839 820 2908 natura,
848 2849 893 2895 ex
916 2823 999 2922 ipso
1023 2846 1151 2920 aspor-

142 2955 289 3030 tantes3
311 2941 424 3036 jecur
445 2957 570 3015 autem
601 2957 705 3042 parte
725 2941 806 3037 ejus
829 2939 961 3030 auxilii
982 2937 1086 3036 quod
1106 2939 1152 3010 il-

142 3059 221 3131 lius
244 3063 390 3155 munus
409 3057 456 3131 ab
484 3058 583 3131 liene
603 3058 785 3156 requirit,
817 3057 1014 3145 orbantes,
1036 3057 1152 3154 longo

142 3178 329 3275 temporis
347 3177 512 3250 decursu
530 3176 672 3275 aliquid
686 3175 917 3247 contulerint
936 3175 982 3246 ad
1003 3199 1044 3246 ea
1064 3175 1155 3246 uitia

142 3320 229 3395 quar
250 3308 414 3392 utroque
438 3296 477 3365 in
497 3305 638 3368 viscere
661 3310 749 3367 sunt
773 3294 1050 3380 animadversa,
1073 3293 1152 3390 ipse

142 3411 384 3484 existimabis.
402 3412 619 3506 Secundum
631 3423 682 3484 ‘ea
699 3437 782 3511 quae
800 3413 913 3510 paulo
928 3425 1023 3501 hante.
1035 3409 1152 3497 dicta,

141 3544 213 3602 aut
241 3554 344 3601 nunc
370 3529 533 3602 indicata
548 3547 655 3620 sunt,
674 3530 841 3629 proclive
857 3522 928 3602 crit
942 3528 1011 3601 tibi
1028 3552 1154 3598 exem-

776 3744 1151 3767 Μ

117 3888 120 3892 ’
185 3899 232 3979 (ι)
252 3877 379 3960 Obserr.
392 3903 498 3979 adject.
512 3906 630 3985 Isagogi
642 3917 728 3963 anat,
