2580 4514
142 93 211 164 126
303 115 350 161 Μ
376 113 522 161 surinus
546 115 591 161 ΕΤ
614 114 739 163 CAUSIS
761 116 976 173 ΙΟΙΒΜΠΙ

139 272 243 323 mum
263 244 464 320 accedebat
479 270 642 335 annum,
659 268 743 319 cum
762 249 801 319 in
822 251 989 322 tormina
1003 266 1040 324 et
1056 274 1119 325 uc·
1168 333 1170 339 A

139 370 226 442 bras
241 366 433 462 sanguinis
444 364 692 460 dejectiones,
712 365 819 438 idest
836 366 876 437 in
889 366 1118 466 dysenteriam

139 485 281 557 incidit.
302 489 385 554 llaec
407 499 490 580 post
509 482 708 554 duodecim
733 498 797 555 aut
821 485 1041 581 quindecim
1062 487 1123 559 dies

38 665 43 675 .
139 605 179 673 in
200 601 329 672 flavam
355 599 603 685 diarrlroeam,
628 602 708 671 sine
730 602 980 693 torminibus,
1002 618 1122 676 mutan

139 735 213 791 est:
228 745 310 816 quae
325 743 412 789 cum
428 717 680 788 remediorum
698 742 771 817 ope
787 719 965 793 nonnihil
987 724 1122 795 remissa

140 837 350 918 videretur,
380 834 494 906 febris
512 835 669 906 tertiana
696 837 852 934 simplex
870 844 1043 921 accessit,
1061 860 1124 938 qua

138 957 235 1025 intra
257 978 423 1024 mensem
452 950 665 1024 finiebatur.
690 955 911 1048 Dejectione
937 959 1123 1055 persisten-

138 1086 195 1157 te,
225 1071 430 1168 improv'iso
458 1086 566 1141 acuta
593 1066 696 1141 febre
730 1088 928 1171 correptus
955 1088 1033 1161 est,
1060 1094 1124 1171 qua

139 1187 367 1277 manifestas·
390 1187 621 1259 accessiones
654 1186 827 1260 babebat.
861 1189 994 1264 Pulsus
1035 1202 1122 1264 erant

140 1303 375 1402 frequentes,
391 1304 554 1393 celeres,
580 1304 732 1390 molles,
758 1307 883 1403 parvi,
904 1304 1059 1381 debiles.
1078 1307 1124 1379 flu

139 1446 177 1493 se
192 1422 336 1493 addidit
353 1424 489 1495 mentis
508 1438 660 1520 stup0r3
676 1446 755 1493 non
770 1423 861 1494 levis
877 1422 1063 1516 surditas,
1078 1446 1124 1524 pe

139 1540 288 1612 culiaris
298 1541 764 1637 quaedamintumescentia
776 1543 976 1614 anterioris
988 1544 1125 1616 sinistra

139 1659 256 1757 partis
272 1657 446 1729 thoracis.
463 1662 515 1728 lta
534 1656 630 1728 obiit
647 1658 748 1728 circa
762 1656 862 1730 diem
876 1658 923 1730 ab
936 1663 1039 1732 acuti
1051 1678 1126 1733 mor

138 1775 178 1869 bi
193 1776 301 1850 initio
314 1780 409 1864 XIV3
427 1775 536 1869 cujus
551 1775 676 1846 morbi
689 1790 860 1873 tempore
878 1778 1005 1874 qualia
1020 1786 1127 1854 essent

139 1918 220 1992 quae
236 1894 433 1989 dejiceret,
454 1893 657 1965 assidentes
677 1918 756 1965 non
773 1894 1016 1996 adnotarunt.
1044 1902 1128 1969 Ven-

137 2026 215 2099 ter,
241 2013 310 2082 etsi
329 2011 434 2082 nullo
460 2011 576 2082 modo
600 2026 747 2082 tumere
771 2011 973 2083 videbatur
989 2068 999 2104 ,
1017 2029 1128 2086 tamen

137 2129 295 2200 multum
317 2127 534 2200 continebat
549 2108 689 2200 laniosi
703 2127 866 2217 ichoris,
885 2131 953 2226 qui
969 2156 1016 2205 ex
1031 2134 1130 2205 intes-

136 2249 224 2320 tinis
249 2246 449 2345 prodibat,
478 2245 650 2344 pluribus
677 2247 716 2316 in
743 2244 837 2317 locis
864 2246 911 2317 ad
938 2248 1129 2345 quemdam

137 2382 295 2438 tractum
313 2362 519 2463 perforatis.
538 2368 575 2435 Is
588 2378 730 2434 tractus
745 2363 940 2437 ilci-finem
957 2381 996 2440 ct
1016 2366 1131 2464 prurit

136 2510 240 2558 mum
255 2486 411 2581 insuper
424 2483 536 2553 colon
550 2482 620 2570 ,ad
637 2481 801 2555 duorum
823 2482 1041 2580 palmorum
1058 2488 1131 2577 lone

137 2603 345 2701 gitudinem
375 2599 737 2698 comprehendebat.
763 2605 878 2671 Erant
896 2599 951 2672 ibi
974 2600 1057 2674 baec
1084 2605 1133 2673 in·

137 2725 269 2793 testina
290 2744 396 2792 erosa
412 2773 422 2806 ,
438 2719 665 2805 exulcerata,
677 2734 714 2789 et
730 2715 822 2791 facie
834 2721 1016 2792 interiore
1031 2723 1133 2793 etiam

137 2862 335 2938 gangrena
363 2835 517 2923 affecta,
542 2852 583 2906 ut
607 2833 751 2907 facilius
768 2834 954 2934 perforari
975 2841 1135 2936 potuisse

134 2957 372 3054 intelligeres.
395 2960 517 3051 Prope
542 2952 644 3025 bunc
667 2969 828 3025 tractum
849 2958 1048 3028 nonnullae
1066 2974 1136 3028 mt⁴

136 3075 288 3147 senterii
314 3070 497 3175 glandulae
526 3088 768 3142 excreverant
794 3073 834 3142 in
857 3088 1076 3162 tumorem,
1103 3074 1136 3143 itt

135 3190 329 3291 quoichor
340 3214 416 3260 non
431 3189 611 3261 absimilis
624 3191 781 3287 ejusqui
793 3192 832 3262 in
851 3194 993 3263 ventris
1008 3210 1137 3265 cavum

136 3323 333 3408 eruperat:
351 3313 431 3408 ipsa
451 3324 576 3379 autem
593 3310 762 3380 tumoris
790 3309 998 3381 substantia
1019 3310 1136 3381 mollit

137 3451 179 3499 ac
196 3427 349 3507 flaccida
367 3442 465 3514 erat,
484 3441 520 3498 et
532 3427 577 3497 ad
596 3427 879 3525 corruptionem
893 3427 1077 3500 inclinare
1087 3428 1135 3497 vi-

136 3547 305 3618 debatur.
325 3548 415 3617 Lien
436 3526 550 3642 triplo
569 3545 692 3641 major
710 3571 823 3643 quam
843 3547 1053 3618 secundum
1074 3571 1134 3617 na·

134 3682 265 3739 turam.
286 3664 465 3736 Thoracis
486 3664 580 3733 cutis
596 3680 633 3734 et
656 3665 840 3754 musculi,
866 3690 940 3763 qua
961 3667 1133 3739 intumes-
