2580 4514
232 331 304 420 640
397 355 444 400 us
471 355 618 402 sumnus
641 354 688 402 nu
713 352 839 402 causis
868 348 1094 406 nonnosum

233 484 296 541 aut
314 471 354 539 in
368 471 511 540 ventris
530 495 662 540 cavum
677 467 802 541 effusae
817 471 1194 570 inveniuntunquae
1203 473 1240 543 vi·

232 585 350 675 derit,
365 602 401 657 et
414 613 497 684 quae
513 588 716 684 conjecerit
730 589 776 659 cl.
792 588 1015 690 Morandus
1029 589 1086 686 (1.)
1099 591 1241 690 perlege.

238 704 340 801 33>[15.
369 709 413 775 Et
439 703 553 799 hujus
574 706 779 802 praesertim
809 708 966 802 generis
991 733 1059 780 eas
1079 709 1241 782 vesiculas

194 884 198 891 ,
233 818 346 894 fuisse
371 821 500 908 crede,
533 847 577 893 ex
612 822 753 919 quibus
783 824 1025 922 singularem
1056 826 1241 924 quemdam

71 1001 75 1007 .
210 936 445 1073 &ydropem
467 937 549 1009 fieri
573 941 722 1037 scripsit
741 943 908 1012 Aretaeus
926 943 998 1027 (a).
1026 944 1180 1016 Scilicet
1198 969 1242 1016 ve

219 1052 369 1131 ''dculus
387 1055 572 1154 quasdam
580 1055 766 1154 pusillas,
787 1059 941 1128 crebras
956 1113 969 1147 ,
987 1060 1166 1132 ltumoris
1177 1059 1241 1158 ple·

236 1202 325 1262 nas,
351 1201 401 1245 ex
426 1173 509 1244 loco
536 1175 603 1244 ubi
624 1179 757 1244 ascites
773 1176 871 1270 fieri
889 1173 996 1246 solet
1026 1177 1242 1275 prodeuntes

235 1293 295 1365 vel
313 1294 352 1362 in
371 1292 529 1363 homine
553 1289 670 1360 videri
695 1297 837 1388 potuit,
856 1317 946 1363 cum
967 1298 1124 1368 ventris
1144 1296 1243 1394 pane·

235 1426 291 1483 tes
320 1409 364 1480 ad
397 1434 532 1505 aquam
561 1407 794 1480 educendam
825 1412 975 1507 pertusi
1005 1429 1157 1502 essent,
1183 1439 1243 1484 non

237 1553 345 1602 secus
362 1551 405 1598 ac
427 1508 630 1623 Tysonium
658 1513 1089 1625 aliunde'prodeuntes
1122 1532 1243 1631 ingenti

236 1671 397 1718 numero
417 1645 553 1716 vidisse
572 1644 734 1715 diximus
751 1643 828 1734 (3),
856 1659 893 1716 et
920 1650 962 1716 M
965 1643 1128 1721 orando
1144 1656 1194 1742 tl„
1213 1674 1244 1720 ex

237 1779 344 1862 parte
365 1764 490 1859 aliqua
509 1761 687 1834 accidisse
707 1761 818 1859 leges.
838 1762 936 1832 Nam
959 1766 1079 1862 quod
1102 1772 1243 1839 Areten

199 1935 201 1939 ν
238 1882 344 1952 addit
359 1879 469 1952 fuisse
486 1881 552 1977 qui
566 1882 807 1977 affirmarent
822 1864 1057 1976 hujusmodi
1075 1882 1245 1984 ampullas

183 2020 186 2026 ’
216 2052 220 2057 -
231 2028 309 2101 per
325 2008 498 2101 intestina
517 2002 556 2071 in
582 2001 725 2073 ventris
747 2025 880 2072 cavum
901 2010 1111 2076 transiisse
1124 2032 1134 2094 ;
1147 2005 1246 2077 mimi·

239 2146 325 2191 rum
343 2119 416 2191 hoc
430 2121 526 2191 iliud
541 2134 614 2206 est,
625 2119 697 2189 nisi
709 2116 801 2215 quid
818 2143 879 2189 me
895 2116 1016 2209 fallit,
1037 2122 1148 2220 quod
1159 2135 1247 2221 negat

242 2264 279 2312 se
297 2264 464 2336 unquam
475 2224 635 2326 audiise,
656 2262 734 2308 non
755 2235 859 2308 hunc
872 2237 988 2333 cujus
1008 2242 1167 2338 signum
1183 2263 1246 2339 pre

240 2355 313 2430 fert
332 2356 563 2455 hydropem,
578 2353 902 2454 quemadmodum
924 2379 1021 2427 cum
1041 2360 1130 2430 aliis
1147 2356 1247 2431 credi·

206 2558 208 2562 ⁸
242 2475 297 2547 dit
317 2480 450 2546 Petrus
473 2472 699 2570 Petitus(5),
716 2474 782 2570 qui
795 2487 837 2543 ut
849 2473 931 2570 ipse
946 2499 1035 2546 non
1054 2499 1246 2575 conspexe-

240 2608 317 2678 rat,
336 2594 387 2663 sic
403 2616 529 2689 neque
544 2595 727 2662 Aretaeum
743 2591 988 2689 conspexisse
1006 2590 1172 2692 putavit.
1190 2592 1247 2683 Qui

240 2735 332 2782 vero
347 2737 394 2781 ex
410 2711 597 2781 intestinis
611 2711 650 2779 in
668 2709 810 2780 ventris
827 2732 983 2781 caveam
1003 2735 1072 2785 eas
1085 2712 1248 2784 vesiculas

241 2829 431 2900 transiisse
456 2826 653 2915 dicebant,
673 2853 715 2898 ea
736 2825 894 2899 fortasse
912 2852 1001 2925 quae
1029 2831 1193 2904 Redium
1208 2830 1247 2898 vi·

243 2946 340 3020 disse
353 2946 465 3018 retuli
473 2944 542 3043 (6),
552 2947 590 3015 in
603 2945 719 3017 bruto
733 2945 862 3041 aliquo
875 2945 1081 3022 animante
1096 2947 1246 3023 offende·

298 3318 327 3396 1)
348 3322 438 3376 Mem.
460 3319 498 3378 de
517 3319 631 3376 l’Acad.
645 3321 720 3396 Roy.
735 3319 786 3376 des
804 3320 928 3377 Seven.
949 3339 1053 3396 1722,
1079 3336 1112 3382 et
1130 3320 1194 3380 hist.
1206 3338 1247 3415 μ.
