2580 4514
116 416 185 463 LIB.
213 413 269 459 III.
297 413 345 457 DE
371 408 507 457 nonnis
531 409 702 473 vitutum,
726 411 839 459 aelst.
866 415 994 462 xxvttt.
1027 419 1071 491 19

65 528 194 626 Peyeri
220 524 300 623 (1),
325 523 482 595 Fautoni
510 522 585 618 (a),
614 523 754 595 Halleri
781 525 841 621 (3)
861 530 1072 624 conjunctu

67 645 350 719 observationes
366 641 582 712 ostendunt.
605 642 711 711 Ratio
734 667 888 740 quoque
911 646 1071 738 indicat,

68 764 250 862 quoniam
267 758 314 830 ab
329 758 508 830 diuturna
524 759 650 829 omnis
668 775 782 855 potus
796 760 948 857 cibique
961 764 1073 837 absti·
1127 837 1132 848 .

68 883 193 954 nentia
206 879 381 976 corporis
394 876 575 970 humores
591 868 764 946 acerrimi
782 875 879 948 fiunt
897 895 933 950 et
944 880 991 951 ad
1005 907 1074 979 pu.

69 998 256 1073 tredinem
277 993 459 1080 tendunt,
477 990 584 1064 facile
608 989 688 1064 fore
703 1007 892 1064 uteorum
910 1001 978 1094 qui
994 1002 1073 1074 ine·

70 1117 124 1189 dia
143 1128 327 1213 pereunt,
348 1110 527 1186 cadavera
543 1111 758 1207 gravissime
772 1112 1075 1214 oleant,qtrem„

71 1231 274 1305 admodum
302 1252 325 1299 a
352 1227 600 1301 celeberrimo
620 1228 804 1325 scriptore
825 1251 913 1300 cum
937 1231 984 1304 de
1009 1234 1076 1306 ho-

71 1349 256 1437 minibus,
272 1362 353 1419 tum
364 1347 568 1444 prasertim
580 1344 627 1416 de
643 1345 799 1418 canibus
809 1349 987 1420 traditum
1000 1368 1073 1424 est:

72 1468 173 1566 quod
199 1464 405 1550 intimum,
432 1462 479 1534 ad
504 1463 576 1533 alin
600 1461 787 1550 additum,
812 1463 915 1537 haud
941 1469 1075 1542 inutile

75 1581 242 1684 profecto
263 1596 361 1654 esset
376 1605 456 1656 non
481 1580 604 1651 solum
623 1582 719 1652 scire
736 1582 932 1656 eventibus
944 1610 991 1656 an
1008 1587 1080 1657 au-
1167 1669 1170 1673 .

74 1726 163 1801 quos
176 1700 355 1775 homines
365 1699 552 1795 jejunium
569 1698 706 1796 magis,
721 1721 775 1797 an
785 1699 940 1774 morbus
956 1720 1076 1795 sustu·
1100 1789 1103 1793 ¹

73 1818 175 1907 lerit3
194 1816 456 1888 verumetiam
471 1815 684 1902 interdum,
700 1831 743 1886 ut
755 1816 881 1906 video,
898 1819 1077 1893 dubitan-

74 1935 190 2023 tibus,
205 1959 255 2004 an
272 1955 383 2005 canes
405 1931 560 2029 quidam
575 1956 621 2002 ex
632 1932 759 2004 inedia
774 1957 822 2004 an
840 1960 885 2006 ex
900 1939 1078 2012 institutis

75 2051 340 2153 experimentIs
359 2051 434 2122 sint
450 2052 601 2120 mortui.
622 2049 694 2121 Sed
718 2074 788 2123 nos
802 2050 880 2124 haec
899 2055 996 2140 aliis,
1012 2080 1079 2154 pe·

75 2172 238 2244 riculum
254 2167 431 2257 facturis,
446 2168 562 2242 modo
575 2167 834 2264 relinquentes
850 2173 997 2270 aliaque
1019 2176 1080 2243 in·

75 2311 186 2388 super
210 2301 499 2386 praetereuntes,
527 2287 566 2354 in
601 2310 646 2356 eo
680 2285 785 2382 quod
815 2291 1080 2386 promisimus,

75 2408 440 2482 insistamus,·Canes
463 2426 561 2501 quos
592 2400 919 2499 Rediusmmni
947 2408 1080 2504 prohi-

76 2523 207 2596 buerat
222 2521 308 2593 cibo
322 2537 360 2593 et
378 2537 491 2618 potu,
507 2519 689 2616 quamdiu
707 2521 956 2612 sir-viserint,
973 2547 1019 2594 ex
1033 2546 1080 2596 eo

78 2640 260 2738 intelliges
273 2637 378 2735 quod
400 2637 518 2733 aliqui
530 2637 578 2708 ad
597 2637 750 2734 triginta
768 2655 948 2734 quatuor,
964 2641 1082 2737 aliqui

78 2756 128 2828 ad'
143 2758 298 2856 trIg‘mta
322 2778 386 2827 sex
405 2756 646 2852 pervenerint
670 2752 765 2841 dies,
793 2777 931 2852 parvus
953 2771 1080 2832 autem

79 2875 245 2961 catulus,
264 2873 338 2946 nisi
357 2861 537 2970 rigesimo
554 2872 692 2969 quinto
709 2870 769 2942 die
788 2894 825 2942 se
844 2897 889 2942 ex
904 2872 1086 2948 aItIssima
1143 2962 1150 2975 ·

79 2990 238 3065 fenestra
253 2991 530 3088 praecipitasset,
541 2988 669 3087 plures
686 2989 779 3059 alios
792 2987 991 3061 videbatur
1000 3011 1091 3064 esse·

79 3112 252 3183 victurus.
270 3113 413 3179 Verum
431 3107 493 3177 hic
509 3125 551 3178 ut
569 3130 707 3204 parvus
722 3119 816 3179 esset
828 3108 991 3196 catulus,
1002 3135 1081 3188 non

9 3254 12 3263 ·
81 3244 155 3300 erat
173 3243 301 3301 tamen
322 3225 436 3296 modo
455 3241 564 3297 natus
590 3239 631 3298 ut
653 3225 685 3295 is
707 3225 794 3320 qui,
817 3224 988 3296 Valsalva
1013 3226 1082 3299 ob-

82 3361 271 3433 servante,
302 3360 479 3440 quartum
505 3362 681 3440 superare
709 3366 789 3412 non
818 3344 1080 3438 potuitdiam,

120 3659 162 3735 (ri
184 3663 256 3719 obs.
272 3681 300 3734 7,
315 3662 365 3719 cit.
380 3680 483 3737 supra,
499 3661 537 3720 ad
551 3680 581 3715 n.
597 3670 624 3725 4.

122 3759 164 3837 (a)
184 3762 263 3818 Diss.
280 3762 354 3818 ibid.
367 3761 418 3818 cit.

122 3858 165 3937 (³)
184 3862 233 3919 Ad
242 3863 349 3920 Bnerh.
358 3863 489 3936 praten.
498 3857 569 3935 598,
582 3870 648 3916 not.
659 3869 824 3934 aesopum.
837 3860 953 3933 pithoa
962 3861 1028 3917 obs.
1040 3871 1087 3933 al..

123 3960 165 4038 (4)
184 3962 341 4020 Osservaz.
357 3961 406 4019 cit.
421 3980 528 4036 supra,
544 3961 581 4016 ad
600 3979 630 4015 n.
647 3968 673 4026 4.

879 4061 916 4126 24
