2580 4514
146 369 217 456 514
308 394 353 439 or
380 392 525 441 seorsus
549 394 593 438 er
619 392 743 440 crosis
769 395 983 442 nonronou

143 505 328 577 calculum
345 505 628 597 evesicufeilea
643 531 718 602 per
736 532 857 576 anum
874 508 1113 604 ejectum‚iegi;

141 650 221 694 non
239 649 319 720 quae
335 622 582 719 dejectionem
597 625 896 695 antecessissent.
911 626 1012 699 Alios
1024 640 1114 696 auten
1141 640 1146 649 “

142 743 263 813 sciens
293 742 447 826 omitt0‚
469 742 534 838 qui
559 755 623 811 aut
651 741 869 837 non'plura
896 768 1013 841 quam
1037 748 1117 838 Ruys

141 857 269 945 chius,
297 873 361 929 aut
380 882 426 927 ne
446 871 501 927 tot
520 856 672 952 quidem
703 873 797 953 quot
826 859 1070 959 Malpighius‚
1087 859 1116 929 de

140 980 352 1073 praegressis
364 973 590 1044 indicarunt.

189 1096 247 1180 42.
276 1096 425 1162 Praestat
450 1090 564 1187 igitur
585 1090 630 1160 ad
655 1114 719 1162 eos
737 1092 902 1164 transire
923 1095 992 1191 qui
1014 1093 1118 1165 doloris

140 1210 266 1282 sedem
287 1225 379 1281 tunc
399 1208 644 1307 praecedentis
662 1225 941 1282 memorarunt.
961 1209 1118 1283 Hoffman-

138 1353 209 1400 nus
228 1344 351 1426 pater,
373 1343 414 1397 ut
431 1323 531 1397 filius
550 1326 604 1423 (ι)
622 1323 758 1415 refert,
778 1334 1023 1403 acutissimos
1039 1328 1117 1401 tuisse

140 1447 286 1543 scripsit
299 1446 426 1517 dextri
434 1443 882 1542 iiypochondriidolores.
901 1446 1118 1542 Dilleniusn}

31 1606 35 1615 ,
140 1579 226 1663 post
246 1563 397 1634 dolores
416 1562 515 1634 idern
536 1560 875 1659 hypochondrium
898 1565 1117 1639 benediuoc·

138 1695 339 1778 cupimus,
359 1666 576 1750 successisse
593 1677 981 1777 colico-nephriticos.
1000 1680 1117 1754 Bartho

136 1797 233 1868 linus
253 1796 308 1894 (3)
328 1797 562 1868 exTinctorii
578 1795 846 1869 observatione
861 1800 1009 1871 multas
1026 1822 1117 1899 quere

21 1916 24 1921 ’
140 1913 197 1985 Ias
214 1914 262 1985 de
279 1914 408 1986 dextri
417 1911 544 1983 luteris
553 1912 685 1984 dolore
693 1928 879 2010 protenso
897 1918 958 1988 ad
971 1922 1118 1991 intestina.

138 2033 320 2104 Lentilius
347 2032 360 2109 i
368 2031 413 2124 4)
447 2035 546 2100 circe
575 2035 758 2127 regionem
792 2031 951 2130 hepatis
988 2035 1120 2107 dolorem

139 2175 339 2235 summurn,
361 2172 443 2219 cum
461 2163 604 2218 tumore
619 2146 667 2217 de
680 2170 755 2243 quo
769 2161 904 2221 tamen
919 2152 1053 2225 dolore
1061 2153 1081 2249 j

134 2294 208 2368 per
225 2267 442 2338 decennium
461 2280 681 2363 conquestus
697 2269 953 2362 aegerfuerat.
971 2268 1120 2343 wolisni·

137 2385 257 2484 gelius
273 2383 347 2481 (5),
374 2383 440 2481 qui
461 2381 582 2453 fusius
606 2406 720 2479 quam
747 2387 901 2475 caeteri,
929 2388 1121 2487 descripsit,

136 2526 361 2609 praegressos
392 2504 528 2598 saepius
563 2497 743 2592 dolores,
781 2503 1121 2606 colico-nqshritieos

127 2619 378 2706 'aemulnntes,
397 2622 589 2689 uerissime
608 2614 760 2687 demunt
781 2622 1047 2700 recruduisse:
1062 2620 1123 2695 reci
1162 2646 1164 2655 ·

137 2737 244 2826 divo,
265 2752 306 2808 ut
324 2761 423 2834 saepe,
436 2735 545 2822 solet,
565 2734 637 2805 hoc
657 2733 794 2807 morbo
811 2737 996 2813 dolorem
1010 2740 1121 2815 tuente

139 2881 252 2942 rum,
290 2870 326 2925 et
360 2852 648 2924 luminationem
687 2856 787 2923 circa
816 2854 1121 2956 trypocnondrnn

135 2971 333 3060 dextrum,
349 2972 416 3042 ubi
432 2968 533 3039 locus
550 2972 760 3040 insertionis
779 2971 1010 3049 chelidonii
1021 2976 1121 3049 dudm
1163 2986 1165 3029 ἓ

139 3095 177 3158 in
194 3088 408 3159 duodenum
425 3102 501 3157 est:
520 3088 657 3158 iterum
676 3086 847 3160 recidivo
868 3093 1062 3183 dolorem,
1077 3094 1121 3189 qui

138 3205 286 3304 quidem
320 3202 474 3276 culicum
494 3210 622 3302 potius
646 3204 931 3299 (emulabatur,
965 3238 1048 3286 curn
1069 3230 1121 3279 non

240 3729 325 3782 Cent.
344 3730 379 3797 4,
392 3726 461 3783 hist.
474 3738 554 3783 anat.
566 3734 613 3802 49.

240 3822 315 3899 Eph.
328 3826 366 3880 N.
380 3826 414 3881 C.
427 3825 490 3882 dec.
507 3844 523 3882 α
532 3867 541 3897 ,
553 3829 589 3883 Α.
605 3842 635 3897 7,
652 3825 717 3882 obs.
733 3828 801 3885 136.

238 3926 378 3983 Earumd.
395 3925 459 3982 dec.
478 3944 509 3996 1,
524 3929 562 3982 A.
576 3945 609 4000 2,
621 3925 685 3985 obs.
698 3925 749 4003 89.
