2580 4514
124 379 167 453 72
287 376 333 424 DE
360 375 506 424 SEDIBUS
532 377 577 422 ET
603 373 727 422 causis
753 372 963 423 MORBORUM

123 494 210 563 culo
236 490 470 590 deprehensa
496 487 678 560 foramina
705 489 752 559 ad
777 490 902 560 ulcera
922 489 1134 588 pertinent,

124 635 207 709 quae
225 610 333 680 citius
354 623 419 695 aut
436 608 553 678 serius
568 624 722 679 cunctas
741 607 822 702 ejus
838 607 983 676 tunicas
1002 630 1132 704 perva-

123 742 283 813 serunt,
299 726 361 797 hie
380 740 505 795 tamen
527 723 643 795 habes
659 725 699 793 in
717 722 1036 822 Sepulchreto(1)
1055 723 1131 822 plu·

121 868 183 918 res
203 844 292 915 alias
313 841 481 939 ejusdem
504 842 656 912 visceris
675 856 755 911 tum
788 842 911 928 intus,
930 855 1010 912 tum
1031 856 1132 913 extra

120 963 283 1033 ulcerati
311 959 615 1047 observationes,
650 961 797 1030 tametsi
829 958 998 1056 quaedam
1026 984 1131 1057 repe-

126 1095 277 1168 tuntur,
294 1095 336 1177 ut
357 1082 399 1149 V⁴
413 1079 621 1176 posterior3
639 1077 758 1174 (idem
782 1078 881 1148 enim
902 1102 1085 1149 numerus
1101 1082 1131 1148 V

122 1224 192 1298 per
218 1199 401 1270 incuriam
422 1196 480 1268 bis
508 1197 663 1294 ponitur
688 1196 728 1265 in
748 1199 881 1282 XLIII,
905 1197 930 1287 g
955 1201 996 1283 43
1023 1211 1060 1266 et
1079 1201 1128 1267 VI

118 1320 165 1388 in
184 1317 381 1408 XXVII,§
404 1315 449 1409 2).
475 1314 546 1386 Sed
561 1340 646 1386 cum
666 1315 909 1412 repetitiones
930 1316 1004 1384 sint
1021 1317 1131 1385 etiam

123 1435 281 1511 aliarum
308 1433 355 1503 ad
380 1433 451 1503 alia
479 1433 679 1504 ventriculi
707 1433 794 1503 vitia
813 1432 1074 1519 attinentium,
1091 1447 1131 1502 ut

16 1551 20 1558 ’
124 1553 205 1648 ejus
231 1551 375 1648 quaein
402 1554 544 1633 XXVI,
563 1551 589 1642 §
611 1547 631 1619 5
647 1566 719 1638 est,
737 1552 776 1618 in
791 1553 933 1633 XXIV3
952 1549 1058 1620 nulia
1077 1565 1130 1622 est

126 1694 209 1766 quae
222 1668 471 1739 excusatione
494 1667 646 1764 dignior
666 1669 731 1754 sit,
751 1693 863 1765 quam
885 1666 952 1738 ubi
974 1672 1043 1737 XX
1066 1670 1132 1739 ite·

124 1801 203 1857 rata
218 1801 273 1856 est
288 1787 326 1854 in
340 1779 602 1856 additamentis
613 1785 683 1856 sub
702 1810 861 1857 numero
871 1790 917 1855 ΙΙ.
927 1786 1020 1875 Quis
1033 1788 1131 1857 enim

127 1927 167 1974 ea
189 1928 271 2000 qnae
290 1903 518 1975 Blancardus
538 1917 717 1999 tanquam
734 1904 774 1972 in
794 1908 869 1974 cive
887 1928 961 1974 suae
981 1910 1134 1974 civitatis

127 2020 483 2092 Amstelodamensis
518 2020 713 2092 observata
753 2022 957 2118 proponit,
1003 2021 1133 2093 eadem

127 2139 494 2237 esseffuspicaretur
538 2164 619 2235 quae
654 2139 825 2210 Riverius
866 2141 905 2209 in
943 2139 1134 2212 aurifabro

127 2257 399 2354 Monspeliensi
410 2258 486 2351 jam
504 2273 773 2354 proposuerat3
793 2256 865 2329 nisi
884 2258 949 2354 qui
967 2258 1133 2331 Blancar-

126 2373 219 2445 diin
239 2373 407 2445 historiis
418 2372 730 2446 transformandis
748 2376 942 2472 ingenium
961 2376 1134 2465 edoctuS,

128 2515 214 2562 cum
240 2491 374 2563 similia
391 2491 437 2561 ab
454 2493 603 2562 Riverio
628 2491 764 2561 tradita
785 2516 863 2563 esse
880 2494 1132 2584 meminisset,

126 2624 327 2709 utramque
347 2610 446 2680 inter
460 2634 498 2681 se
514 2609 813 2682 observationem
834 2594 1042 2700 conferret,
1062 2639 1133 2686 nec

127 2726 285 2798 similem
312 2727 448 2811 modu,
475 2728 540 2799 sed
563 2753 678 2798 unam
704 2726 952 2826 eamdemque
978 2755 1135 2826 prorsus

127 2870 207 2916 esse
233 2846 508 2918 evidentissime
521 2845 850 2944 deprehenderet?
871 2852 1012 2919 Verum
1031 2865 1074 2920 ut
1086 2851 1133 2921 ad

129 2987 190 3034 eas
209 2988 292 3060 quae
308 2965 355 3035 ad
368 2965 494 3036 ulcera
512 2944 700 3063 spectant,
719 2965 932 3054 redeamus;
948 2968 1048 3038 inter
1065 2989 1133 3040 cae-

126 3093 226 3151 teras
243 3080 355 3178 digna
368 3097 423 3153 est
439 3107 520 3179 quae
538 3081 682 3179 legatur
698 3086 871 3171 XLVIII,
893 3110 976 3182 quae
1001 3087 1030 3155 si
1047 3102 1133 3159 ante

128 3213 282 3269 centum
299 3199 432 3295 viginti
451 3224 572 3270 annos
597 3214 721 3271 extare
745 3202 945 3298 potuisset,
966 3200 1132 3292 fecisset,

128 3329 171 3386 ut
199 3316 356 3413 opinor,
378 3341 427 3386 ne
454 3332 529 3387 tam
557 3314 689 3408 facile,
716 3332 758 3388 ut
785 3317 832 3388 de
858 3320 938 3389 aliis
968 3334 1132 3410 taceam,

129 3437 332 3504 aGesnero
351 3432 526 3504 ederetur
550 3458 632 3530 quae
649 3434 711 3505 hic
740 3450 794 3507 est
812 3438 984 3525 XXXVI,
1010 3438 1057 3509 de
1082 3440 1132 3509 la-

129 3553 241 3622 certis
256 3551 430 3623 videlicet
446 3575 489 3621 ac
509 3552 748 3649 serpentibus
758 3555 856 3623 intra
869 3562 1011 3626 viscera
1023 3557 1133 3628 ohor-

1034 3816 1051 3871 I

64 3932 67 3937 '
167 3927 213 4005 (ι)
232 3930 319 3987 Adde
332 3939 361 3984 et
375 3946 436 4002 seq.
447 3931 520 3985 VIII
534 3930 705 3992 sectionem.
