<?xml version="1.0" encoding="UTF-8"?>
<!DOCTYPE html PUBLIC "-//W3C//DTD XHTML 1.0 Transitional//EN"
    "http://www.w3.org/TR/xhtml1/DTD/xhtml1-transitional.dtd">
<html xmlns="http://www.w3.org/1999/xhtml" xml:lang="en" lang="en">
 <head>
  <title>
</title>
<meta http-equiv="Content-Type" content="text/html;charset=utf-8" />
  <meta name='ocr-system' content='tesseract 3.04.00' />
  <meta name='ocr-capabilities' content='ocr_page ocr_carea ocr_par ocr_line ocrx_word'/>
</head>
<body>
  <div class='ocr_page' id='page_1' title='image "./desedibusetcaus00adelgoog_0296.png"; bbox 0 0 2580 4514; ppageno 0'>
   <div class='ocr_carea' id='block_1_1' title="bbox 158 374 1113 455">
    <p class='ocr_par' dir='ltr' id='par_1_1' title="bbox 158 374 1113 455">
     <span class='ocr_line' id='line_1_1' title="bbox 158 374 1113 455; baseline 0.005 -33"><span class='ocrx_word' id='word_1_1' title='bbox 158 376 225 422; x_wconf 82' lang='lat' dir='ltr'>Lm.</span> <span class='ocrx_word' id='word_1_2' title='bbox 246 377 304 424; x_wconf 80' lang='lat'>111.</span> <span class='ocrx_word' id='word_1_3' title='bbox 332 378 379 424; x_wconf 85' lang='lat' dir='ltr'>DE</span> <span class='ocrx_word' id='word_1_4' title='bbox 406 374 542 424; x_wconf 76' lang='lat' dir='ltr'>MORBIS</span> <span class='ocrx_word' id='word_1_5' title='bbox 559 376 730 442; x_wconf 82' lang='lat' dir='ltr'>VENTRIS,</span> <span class='ocrx_word' id='word_1_6' title='bbox 756 378 868 426; x_wconf 84' lang='lat' dir='ltr'><strong>EPIST·</strong></span> <span class='ocrx_word' id='word_1_7' title='bbox 892 379 1014 427; x_wconf 82' lang='lat' dir='ltr'>xxx1v.</span> <span class='ocrx_word' id='word_1_8' title='bbox 1046 383 1113 455; x_wconf 77' lang='lat'>297</span> 
     </span>
    </p>
   </div>
   <div class='ocr_carea' id='block_1_2' title="bbox 119 490 1174 3530">
    <p class='ocr_par' dir='ltr' id='par_1_2' title="bbox 119 490 1174 3530">
     <span class='ocr_line' id='line_1_2' title="bbox 126 490 1117 587; baseline 0.005 -26"><span class='ocrx_word' id='word_1_9' title='bbox 126 515 194 587; x_wconf 85' lang='lat' dir='ltr'>quae</span> <span class='ocrx_word' id='word_1_10' title='bbox 210 515 281 563; x_wconf 91' lang='lat' dir='ltr'>nos</span> <span class='ocrx_word' id='word_1_11' title='bbox 302 491 539 582; x_wconf 82' lang='lat' dir='ltr'>addidimus,</span> <span class='ocrx_word' id='word_1_12' title='bbox 565 490 676 562; x_wconf 74' lang='lat' dir='ltr'>frana</span> <span class='ocrx_word' id='word_1_13' title='bbox 695 494 744 563; x_wconf 91' lang='lat' dir='ltr'>ita</span> <span class='ocrx_word' id='word_1_14' title='bbox 760 509 847 564; x_wconf 91' lang='lat' dir='ltr'>sunt</span> <span class='ocrx_word' id='word_1_15' title='bbox 868 493 955 565; x_wconf 90' lang='lat' dir='ltr'>binc</span> <span class='ocrx_word' id='word_1_16' title='bbox 974 511 1010 566; x_wconf 88' lang='lat' dir='ltr'>et</span> <span class='ocrx_word' id='word_1_17' title='bbox 1027 495 1117 566; x_wconf 89' lang='lat' dir='ltr'>binc</span> 
     </span>
     <span class='ocr_line' id='line_1_3' title="bbox 131 606 1117 708; baseline 0.005 -31"><span class='ocrx_word' id='word_1_18' title='bbox 131 606 425 681; x_wconf 86' lang='lat' dir='ltr'>intransversum</span> <span class='ocrx_word' id='word_1_19' title='bbox 446 634 516 708; x_wconf 90' lang='lat' dir='ltr'>per</span> <span class='ocrx_word' id='word_1_20' title='bbox 545 611 732 681; x_wconf 85' lang='lat' dir='ltr'>internam</span> <span class='ocrx_word' id='word_1_21' title='bbox 761 610 833 681; x_wconf 89' lang='lat' dir='ltr'>coli</span> <span class='ocrx_word' id='word_1_22' title='bbox 861 609 991 682; x_wconf 87' lang='lat' dir='ltr'>faciem</span> <span class='ocrx_word' id='word_1_23' title='bbox 1015 613 1117 684; x_wconf 90' lang='lat' dir='ltr'>loca-</span> 
     </span>
     <span class='ocr_line' id='line_1_4' title="bbox 134 726 1115 826; baseline 0.005 -31"><span class='ocrx_word' id='word_1_24' title='bbox 134 726 222 821; x_wconf 83' lang='lat' dir='ltr'>ta(1)</span> <span class='ocrx_word' id='word_1_25' title='bbox 241 742 284 799; x_wconf 95' lang='lat' dir='ltr'>ut</span> <span class='ocrx_word' id='word_1_26' title='bbox 303 727 515 798; x_wconf 88' lang='lat' dir='ltr'>admirabili</span> <span class='ocrx_word' id='word_1_27' title='bbox 538 752 607 799; x_wconf 91' lang='lat' dir='ltr'>usu</span> <span class='ocrx_word' id='word_1_28' title='bbox 633 743 776 826; x_wconf 91' lang='lat' dir='ltr'>quanto</span> <span class='ocrx_word' id='word_1_29' title='bbox 798 731 913 826; x_wconf 82' lang='lat' dir='ltr'>magis</span> <span class='ocrx_word' id='word_1_30' title='bbox 932 729 1005 799; x_wconf 89' lang='lat' dir='ltr'>hoe</span> <span class='ocrx_word' id='word_1_31' title='bbox 1024 729 1115 800; x_wconf 88' lang='lat' dir='ltr'>dila·</span> 
     </span>
     <span class='ocr_line' id='line_1_5' title="bbox 137 832 1116 943; baseline 0.008 -34"><span class='ocrx_word' id='word_1_32' title='bbox 137 851 237 932; x_wconf 86' lang='lat' dir='ltr'>tatur,</span> <span class='ocrx_word' id='word_1_33' title='bbox 257 858 363 915; x_wconf 84' lang='lat' dir='ltr'>tanto</span> <span class='ocrx_word' id='word_1_34' title='bbox 389 832 475 942; x_wconf 62' lang='lat' dir='ltr'>ipsa&#39;</span> <span class='ocrx_word' id='word_1_35' title='bbox 494 845 611 943; x_wconf 82' lang='lat' dir='ltr'>magis</span> <span class='ocrx_word' id='word_1_36' title='bbox 631 847 762 915; x_wconf 87' lang='lat' dir='ltr'>rimam</span> <span class='ocrx_word' id='word_1_37' title='bbox 784 845 937 916; x_wconf 85' lang='lat' dir='ltr'>valvulae</span> <span class='ocrx_word' id='word_1_38' title='bbox 954 845 1116 917; x_wconf 90' lang='lat' dir='ltr'>adstrin-</span> 
     </span>
     <span class='ocr_line' id='line_1_6' title="bbox 119 962 1174 1061; baseline 0.006 -32"><span class='ocrx_word' id='word_1_39' title='bbox 119 975 223 1051; x_wconf 78' lang='lat' dir='ltr'>‚gant,</span> <span class='ocrx_word' id='word_1_40' title='bbox 240 986 354 1058; x_wconf 90' lang='lat' dir='ltr'>quam</span> <span class='ocrx_word' id='word_1_41' title='bbox 374 962 571 1033; x_wconf 86' lang='lat' dir='ltr'>utilitatem</span> <span class='ocrx_word' id='word_1_42' title='bbox 602 987 765 1060; x_wconf 87' lang='lat' dir='ltr'>persaepe</span> <span class='ocrx_word' id='word_1_43' title='bbox 787 964 826 1031; x_wconf 84' lang='lat' dir='ltr'>in</span> <span class='ocrx_word' id='word_1_44' title='bbox 845 963 919 1032; x_wconf 87' lang='lat' dir='ltr'>vita</span> <span class='ocrx_word' id='word_1_45' title='bbox 942 979 1116 1061; x_wconf 84' lang='lat' dir='ltr'>praestare</span> <span class='ocrx_word' id='word_1_46' title='bbox 1172 996 1174 1000; x_wconf 59' lang='grc'>’</span> 
     </span>
     <span class='ocr_line' id='line_1_7' title="bbox 129 1076 1118 1176; baseline 0.003 -30"><span class='ocrx_word' id='word_1_47' title='bbox 129 1086 270 1167; x_wconf 69' lang='lat' dir='ltr'>tameo,</span> <span class='ocrx_word' id='word_1_48' title='bbox 292 1103 379 1149; x_wconf 92' lang='lat' dir='ltr'>cum</span> <span class='ocrx_word' id='word_1_49' title='bbox 396 1078 512 1149; x_wconf 90' lang='lat' dir='ltr'>multa</span> <span class='ocrx_word' id='word_1_50' title='bbox 531 1076 625 1150; x_wconf 89' lang='lat' dir='ltr'>forte</span> <span class='ocrx_word' id='word_1_51' title='bbox 641 1080 679 1149; x_wconf 90' lang='lat' dir='ltr'>in</span> <span class='ocrx_word' id='word_1_52' title='bbox 698 1104 740 1150; x_wconf 90' lang='lat' dir='ltr'>ea</span> <span class='ocrx_word' id='word_1_53' title='bbox 757 1080 830 1150; x_wconf 91' lang='lat' dir='ltr'>coli</span> <span class='ocrx_word' id='word_1_54' title='bbox 850 1095 952 1176; x_wconf 88' lang='lat' dir='ltr'>parte</span> <span class='ocrx_word' id='word_1_55' title='bbox 965 1082 1118 1151; x_wconf 88' lang='lat' dir='ltr'>materia</span> 
     </span>
     <span class='ocr_line' id='line_1_8' title="bbox 137 1191 1118 1295; baseline 0.003 -30"><span class='ocrx_word' id='word_1_56' title='bbox 137 1208 194 1280; x_wconf 83' lang='lat' dir='ltr'>est,</span> <span class='ocrx_word' id='word_1_57' title='bbox 222 1197 382 1269; x_wconf 88' lang='lat' dir='ltr'>musculi</span> <span class='ocrx_word' id='word_1_58' title='bbox 415 1212 539 1268; x_wconf 90' lang='lat' dir='ltr'>autem</span> <span class='ocrx_word' id='word_1_59' title='bbox 576 1191 789 1269; x_wconf 86' lang='lat' dir='ltr'>abdominis</span> <span class='ocrx_word' id='word_1_60' title='bbox 816 1212 955 1267; x_wconf 92' lang='lat' dir='ltr'>conatu</span> <span class='ocrx_word' id='word_1_61' title='bbox 982 1221 1118 1295; x_wconf 83' lang='lat' dir='ltr'>magno</span> 
     </span>
     <span class='ocr_line' id='line_1_9' title="bbox 138 1314 1122 1412; baseline 0.002 -30"><span class='ocrx_word' id='word_1_62' title='bbox 138 1314 437 1386; x_wconf 88' lang='lat' dir='ltr'>contenduntur:</span> <span class='ocrx_word' id='word_1_63' title='bbox 470 1339 551 1412; x_wconf 85' lang='lat' dir='ltr'>quae</span> <span class='ocrx_word' id='word_1_64' title='bbox 572 1329 694 1386; x_wconf 88' lang='lat' dir='ltr'>autem</span> <span class='ocrx_word' id='word_1_65' title='bbox 720 1314 767 1385; x_wconf 91' lang='lat' dir='ltr'>de</span> <span class='ocrx_word' id='word_1_66' title='bbox 794 1315 907 1410; x_wconf 82' lang='lat' dir='ltr'>hujus</span> <span class='ocrx_word' id='word_1_67' title='bbox 935 1330 1122 1387; x_wconf 82' lang='lat' dir='ltr'>structura</span> 
     </span>
     <span class='ocr_line' id='line_1_10' title="bbox 132 1424 1121 1530; baseline 0 -29"><span class='ocrx_word' id='word_1_68' title='bbox 132 1424 358 1520; x_wconf 76' lang='lat' dir='ltr'>valvutae‚&#39;de</span> <span class='ocrx_word' id='word_1_69' title='bbox 378 1432 534 1529; x_wconf 85' lang='lat' dir='ltr'>ejusque</span> <span class='ocrx_word' id='word_1_70' title='bbox 553 1429 675 1503; x_wconf 86' lang='lat' dir='ltr'>fraenis</span> <span class='ocrx_word' id='word_1_71' title='bbox 688 1435 726 1501; x_wconf 91' lang='lat' dir='ltr'>in</span> <span class='ocrx_word' id='word_1_72' title='bbox 747 1432 975 1503; x_wconf 86' lang='lat' dir='ltr'>Adversariis</span> <span class='ocrx_word' id='word_1_73' title='bbox 991 1433 1121 1530; x_wconf 88' lang='lat' dir='ltr'>scripsi</span> 
     </span>
     <span class='ocr_line' id='line_1_11' title="bbox 119 1549 1122 1648; baseline 0.001 -30"><span class='ocrx_word' id='word_1_74' title='bbox 119 1562 160 1647; x_wconf 84' lang='lat' dir='ltr'>et</span> <span class='ocrx_word' id='word_1_75' title='bbox 188 1550 314 1648; x_wconf 82' lang='lat' dir='ltr'>pinxi,</span> <span class='ocrx_word' id='word_1_76' title='bbox 343 1565 385 1622; x_wconf 90' lang='lat' dir='ltr'>ut</span> <span class='ocrx_word' id='word_1_77' title='bbox 410 1550 530 1648; x_wconf 90' lang='lat' dir='ltr'>accipi</span> <span class='ocrx_word' id='word_1_78' title='bbox 552 1575 571 1620; x_wconf 92' lang='lat' dir='ltr'>a</span> <span class='ocrx_word' id='word_1_79' title='bbox 595 1565 632 1621; x_wconf 91' lang='lat' dir='ltr'>te</span> <span class='ocrx_word' id='word_1_80' title='bbox 650 1575 728 1619; x_wconf 89' lang='lat' dir='ltr'>non</span> <span class='ocrx_word' id='word_1_81' title='bbox 756 1549 909 1638; x_wconf 74' lang='lat' dir='ltr'>dubito,</span> <span class='ocrx_word' id='word_1_82' title='bbox 941 1550 993 1621; x_wconf 88' lang='lat' dir='ltr'>sic</span> <span class='ocrx_word' id='word_1_83' title='bbox 1021 1575 1063 1619; x_wconf 89' lang='lat' dir='ltr'>ea</span> <span class='ocrx_word' id='word_1_84' title='bbox 1085 1563 1122 1620; x_wconf 91' lang='lat' dir='ltr'>et</span> 
     </span>
     <span class='ocr_line' id='line_1_12' title="bbox 121 1665 1121 1765; baseline 0.002 -28"><span class='ocrx_word' id='word_1_85' title='bbox 121 1665 286 1763; x_wconf 66' lang='lat' dir='ltr'>quaedam</span> <span class='ocrx_word' id='word_1_86' title='bbox 321 1665 392 1737; x_wconf 85' lang='lat' dir='ltr'>alia</span> <span class='ocrx_word' id='word_1_87' title='bbox 422 1692 503 1765; x_wconf 81' lang='lat' dir='ltr'>quae</span> <span class='ocrx_word' id='word_1_88' title='bbox 535 1667 582 1738; x_wconf 94' lang='lat' dir='ltr'>ad</span> <span class='ocrx_word' id='word_1_89' title='bbox 610 1693 670 1737; x_wconf 89' lang='lat' dir='ltr'>me</span> <span class='ocrx_word' id='word_1_90' title='bbox 696 1669 878 1753; x_wconf 85' lang='lat' dir='ltr'>attinent,</span> <span class='ocrx_word' id='word_1_91' title='bbox 905 1668 1040 1739; x_wconf 84' lang='lat' dir='ltr'>vellem</span> <span class='ocrx_word' id='word_1_92' title='bbox 1073 1668 1121 1739; x_wconf 94' lang='lat' dir='ltr'>ab</span> 
     </span>
     <span class='ocr_line' id='line_1_13' title="bbox 120 1782 1123 1882; baseline 0.002 -29"><span class='ocrx_word' id='word_1_93' title='bbox 120 1783 313 1856; x_wconf 85' lang='lat' dir='ltr'>nonnullis</span> <span class='ocrx_word' id='word_1_94' title='bbox 336 1783 452 1881; x_wconf 91' lang='lat' dir='ltr'>paulo</span> <span class='ocrx_word' id='word_1_95' title='bbox 472 1787 650 1856; x_wconf 89' lang='lat' dir='ltr'>attentius</span> <span class='ocrx_word' id='word_1_96' title='bbox 670 1782 826 1856; x_wconf 86' lang='lat' dir='ltr'>fuissent</span> <span class='ocrx_word' id='word_1_97' title='bbox 854 1800 1037 1882; x_wconf 88' lang='lat' dir='ltr'>spectata:</span> <span class='ocrx_word' id='word_1_98' title='bbox 1057 1785 1123 1857; x_wconf 89' lang='lat' dir='ltr'>sed</span> 
     </span>
     <span class='ocr_line' id='line_1_14' title="bbox 120 1887 1123 2000; baseline 0.002 -29"><span class='ocrx_word' id='word_1_99' title='bbox 120 1899 165 1972; x_wconf 90' lang='lat' dir='ltr'>de</span> <span class='ocrx_word' id='word_1_100' title='bbox 179 1899 240 1972; x_wconf 91' lang='lat' dir='ltr'>bis</span> <span class='ocrx_word' id='word_1_101' title='bbox 256 1887 362 1972; x_wconf 79' lang='lat' dir='ltr'>alibi.¹</span> <span class='ocrx_word' id='word_1_102' title='bbox 374 1903 567 2000; x_wconf 89' lang='lat' dir='ltr'>Denique,</span> <span class='ocrx_word' id='word_1_103' title='bbox 584 1916 624 1973; x_wconf 87' lang='lat' dir='ltr'>ut</span> <span class='ocrx_word' id='word_1_104' title='bbox 643 1900 713 1971; x_wconf 88' lang='lat' dir='ltr'>alia</span> <span class='ocrx_word' id='word_1_105' title='bbox 732 1903 920 1991; x_wconf 90' lang='lat' dir='ltr'>omittam,</span> <span class='ocrx_word' id='word_1_106' title='bbox 938 1902 1041 1999; x_wconf 93' lang='lat' dir='ltr'>quod</span> <span class='ocrx_word' id='word_1_107' title='bbox 1057 1902 1123 1973; x_wconf 89' lang='lat' dir='ltr'>ab·</span> 
     </span>
     <span class='ocr_line' id='line_1_15' title="bbox 119 2017 1123 2116; baseline 0 -25"><span class='ocrx_word' id='word_1_108' title='bbox 119 2017 283 2091; x_wconf 88' lang='lat' dir='ltr'>dominis</span> <span class='ocrx_word' id='word_1_109' title='bbox 302 2018 481 2089; x_wconf 88' lang='lat' dir='ltr'>musculis</span> <span class='ocrx_word' id='word_1_110' title='bbox 498 2034 534 2090; x_wconf 90' lang='lat' dir='ltr'>et</span> <span class='ocrx_word' id='word_1_111' title='bbox 551 2018 822 2116; x_wconf 84' lang='lat' dir='ltr'>diaphragmati</span> <span class='ocrx_word' id='word_1_112' title='bbox 846 2018 907 2089; x_wconf 88' lang='lat' dir='ltr'>illa</span> <span class='ocrx_word' id='word_1_113' title='bbox 935 2020 1123 2091; x_wconf 85' lang='lat' dir='ltr'>tribuatur</span> 
     </span>
     <span class='ocr_line' id='line_1_16' title="bbox 119 2136 1123 2234; baseline 0 -25"><span class='ocrx_word' id='word_1_114' title='bbox 119 2139 216 2210; x_wconf 88' lang='lat' dir='ltr'>actio</span> <span class='ocrx_word' id='word_1_115' title='bbox 232 2162 314 2234; x_wconf 85' lang='lat' dir='ltr'>quae</span> <span class='ocrx_word' id='word_1_116' title='bbox 330 2137 480 2208; x_wconf 84' lang='lat' dir='ltr'>inverso</span> <span class='ocrx_word' id='word_1_117' title='bbox 504 2137 624 2208; x_wconf 90' lang='lat' dir='ltr'>motui</span> <span class='ocrx_word' id='word_1_118' title='bbox 644 2137 910 2207; x_wconf 89' lang='lat' dir='ltr'>intestinorum</span> <span class='ocrx_word' id='word_1_119' title='bbox 928 2136 1043 2209; x_wconf 90' lang='lat' dir='ltr'>tribui</span> <span class='ocrx_word' id='word_1_120' title='bbox 1063 2164 1123 2209; x_wconf 92' lang='lat' dir='ltr'>so-</span> 
     </span>
     <span class='ocr_line' id='line_1_17' title="bbox 119 2249 1125 2351; baseline 0.001 -26"><span class='ocrx_word' id='word_1_121' title='bbox 119 2253 188 2339; x_wconf 90' lang='lat' dir='ltr'>let,</span> <span class='ocrx_word' id='word_1_122' title='bbox 215 2279 296 2325; x_wconf 92' lang='lat' dir='ltr'>non</span> <span class='ocrx_word' id='word_1_123' title='bbox 315 2255 395 2326; x_wconf 88' lang='lat' dir='ltr'>sine</span> <span class='ocrx_word' id='word_1_124' title='bbox 412 2255 557 2326; x_wconf 89' lang='lat' dir='ltr'>ratione</span> <span class='ocrx_word' id='word_1_125' title='bbox 575 2253 649 2325; x_wconf 93' lang='lat' dir='ltr'>hoc</span> <span class='ocrx_word' id='word_1_126' title='bbox 670 2249 773 2337; x_wconf 88' lang='lat' dir='ltr'>fieri,</span> <span class='ocrx_word' id='word_1_127' title='bbox 788 2255 814 2324; x_wconf 89' lang='lat' dir='ltr'>ii</span> <span class='ocrx_word' id='word_1_128' title='bbox 840 2270 997 2351; x_wconf 89' lang='lat' dir='ltr'>possunt</span> <span class='ocrx_word' id='word_1_129' title='bbox 1020 2279 1125 2327; x_wconf 90' lang='lat' dir='ltr'>casus</span> 
     </span>
     <span class='ocr_line' id='line_1_18' title="bbox 119 2371 1124 2471; baseline -0.003 -24"><span class='ocrx_word' id='word_1_130' title='bbox 119 2372 417 2471; x_wconf 51' lang='lat' dir='ltr'>comprobares</span> <span class='ocrx_word' id='word_1_131' title='bbox 409 2399 447 2443; x_wconf 91' lang='lat' dir='ltr'>m</span> <span class='ocrx_word' id='word_1_132' title='bbox 469 2371 609 2471; x_wconf 88' lang='lat' dir='ltr'>quibus</span> <span class='ocrx_word' id='word_1_133' title='bbox 624 2372 726 2443; x_wconf 90' lang='lat' dir='ltr'>ileon</span> <span class='ocrx_word' id='word_1_134' title='bbox 742 2373 962 2470; x_wconf 86' lang='lat' dir='ltr'>contingere</span> <span class='ocrx_word' id='word_1_135' title='bbox 983 2372 1082 2444; x_wconf 92' lang='lat' dir='ltr'>ob</span> <span class='ocrx_word' id='word_1_136' title='bbox 1050 2398 1124 2444; x_wconf 80' lang='lat' dir='ltr'>vim</span> 
     </span>
     <span class='ocr_line' id='line_1_19' title="bbox 119 2472 1125 2607; baseline -0.004 -44"><span class='ocrx_word' id='word_1_137' title='bbox 119 2489 367 2607; x_wconf 82' lang='lat' dir='ltr'>expultricem</span> <span class='ocrx_word' id='word_1_138' title='bbox 384 2489 581 2576; x_wconf 90' lang='lat' dir='ltr'>abolitam,</span> <span class='ocrx_word' id='word_1_139' title='bbox 607 2472 683 2561; x_wconf 79' lang='lat' dir='ltr'>sive</span> <span class='ocrx_word' id='word_1_140' title='bbox 710 2489 760 2560; x_wconf 92' lang='lat' dir='ltr'>ob</span> <span class='ocrx_word' id='word_1_141' title='bbox 790 2490 955 2560; x_wconf 85' lang='lat' dir='ltr'>atoniam</span> <span class='ocrx_word' id='word_1_142' title='bbox 983 2490 1125 2562; x_wconf 89' lang='lat' dir='ltr'>intesti-</span> 
     </span>
     <span class='ocr_line' id='line_1_20' title="bbox 119 2596 1125 2705; baseline -0.003 -24"><span class='ocrx_word' id='word_1_143' title='bbox 119 2596 282 2694; x_wconf 71' lang='lat' dir='ltr'>norum,</span> <span class='ocrx_word' id='word_1_144' title='bbox 297 2606 344 2678; x_wconf 90' lang='lat' dir='ltr'>de</span> <span class='ocrx_word' id='word_1_145' title='bbox 359 2607 446 2679; x_wconf 88' lang='lat' dir='ltr'>Salii</span> <span class='ocrx_word' id='word_1_146' title='bbox 458 2621 495 2680; x_wconf 89' lang='lat' dir='ltr'>et</span> <span class='ocrx_word' id='word_1_147' title='bbox 508 2606 687 2705; x_wconf 89' lang='lat' dir='ltr'>Ruyscbii</span> <span class='ocrx_word' id='word_1_148' title='bbox 698 2610 880 2679; x_wconf 88' lang='lat' dir='ltr'>sententia</span> <span class='ocrx_word' id='word_1_149' title='bbox 897 2607 1108 2704; x_wconf 86' lang='lat' dir='ltr'>superius(2</span> <span class='ocrx_word' id='word_1_150' title='bbox 1111 2608 1125 2703; x_wconf 80' lang='lat'><em>)</em></span> 
     </span>
     <span class='ocr_line' id='line_1_21' title="bbox 119 2724 1127 2822; baseline -0.002 -25"><span class='ocrx_word' id='word_1_151' title='bbox 119 2724 332 2802; x_wconf 75' lang='lat' dir='ltr'>indicatum</span> <span class='ocrx_word' id='word_1_152' title='bbox 350 2740 415 2798; x_wconf 90' lang='lat' dir='ltr'>est.</span> <span class='ocrx_word' id='word_1_153' title='bbox 433 2728 519 2815; x_wconf 87' lang='lat' dir='ltr'>Quo</span> <span class='ocrx_word' id='word_1_154' title='bbox 536 2725 642 2816; x_wconf 91' lang='lat' dir='ltr'>loeo,</span> <span class='ocrx_word' id='word_1_155' title='bbox 667 2725 885 2798; x_wconf 87' lang='lat' dir='ltr'>Boerhaavii</span> <span class='ocrx_word' id='word_1_156' title='bbox 902 2724 956 2821; x_wconf 81' lang='lat'>(3)</span> <span class='ocrx_word' id='word_1_157' title='bbox 972 2750 1127 2822; x_wconf 89' lang='lat' dir='ltr'>quoque</span> 
     </span>
     <span class='ocr_line' id='line_1_22' title="bbox 119 2841 1129 2953; baseline -0.008 -35"><span class='ocrx_word' id='word_1_158' title='bbox 119 2841 527 2953; x_wconf 63' lang='lat' dir='ltr'>auctoritas-produci</span> <span class='ocrx_word' id='word_1_159' title='bbox 562 2859 710 2943; x_wconf 89' lang='lat' dir='ltr'>potest,</span> <span class='ocrx_word' id='word_1_160' title='bbox 746 2845 988 2916; x_wconf 88' lang='lat' dir='ltr'>asseverantis</span> <span class='ocrx_word' id='word_1_161' title='bbox 1021 2867 1059 2914; x_wconf 91' lang='lat' dir='ltr'>se</span> <span class='ocrx_word' id='word_1_162' title='bbox 1092 2848 1129 2911; x_wconf 88' lang='lat' dir='ltr'>in</span> 
     </span>
     <span class='ocr_line' id='line_1_23' title="bbox 122 2956 1131 3060; baseline -0.007 -23"><span class='ocrx_word' id='word_1_163' title='bbox 122 2962 259 3038; x_wconf 84' lang='lat' dir='ltr'>crassis</span> <span class='ocrx_word' id='word_1_164' title='bbox 272 2956 452 3034; x_wconf 78' lang='lat' dir='ltr'>intestinis</span> <span class='ocrx_word' id='word_1_165' title='bbox 462 2987 676 3060; x_wconf 81' lang='lat' dir='ltr'>nunquam,</span> <span class='ocrx_word' id='word_1_166' title='bbox 690 2968 728 3033; x_wconf 91' lang='lat' dir='ltr'>in</span> <span class='ocrx_word' id='word_1_167' title='bbox 741 2967 945 3033; x_wconf 82' lang='lat' dir='ltr'>numerosis</span> <span class='ocrx_word' id='word_1_168' title='bbox 960 2967 1131 3037; x_wconf 79' lang='lat' dir='ltr'>vt&#39;vorum</span> 
     </span>
     <span class='ocr_line' id='line_1_24' title="bbox 123 3076 1132 3185; baseline -0.005 -32"><span class='ocrx_word' id='word_1_169' title='bbox 123 3079 350 3153; x_wconf 85' lang='lat' dir='ltr'>animalium</span> <span class='ocrx_word' id='word_1_170' title='bbox 368 3076 603 3168; x_wconf 82' lang='lat' dir='ltr'>sectionibus,</span> <span class='ocrx_word' id='word_1_171' title='bbox 621 3081 759 3153; x_wconf 81' lang='lat' dir='ltr'>vidisse</span> <span class='ocrx_word' id='word_1_172' title='bbox 775 3096 917 3185; x_wconf 68' lang='lat' dir='ltr'>motum</span> <span class='ocrx_word' id='word_1_173' title='bbox 924 3078 1132 3178; x_wconf 85' lang='lat' dir='ltr'>peristalti-</span> 
     </span>
     <span class='ocr_line' id='line_1_25' title="bbox 124 3196 1133 3295; baseline -0.004 -24"><span class='ocrx_word' id='word_1_174' title='bbox 124 3224 232 3285; x_wconf 87' lang='lat' dir='ltr'>cum,</span> <span class='ocrx_word' id='word_1_175' title='bbox 253 3196 417 3294; x_wconf 89' lang='lat' dir='ltr'>ideoque</span> <span class='ocrx_word' id='word_1_176' title='bbox 441 3197 613 3269; x_wconf 88' lang='lat' dir='ltr'>mirantis</span> <span class='ocrx_word' id='word_1_177' title='bbox 635 3201 740 3294; x_wconf 84' lang='lat' dir='ltr'>rejici</span> <span class='ocrx_word' id='word_1_178' title='bbox 760 3214 885 3269; x_wconf 91' lang='lat' dir='ltr'>tamen</span> <span class='ocrx_word' id='word_1_179' title='bbox 916 3222 985 3295; x_wconf 90' lang='lat' dir='ltr'>per</span> <span class='ocrx_word' id='word_1_180' title='bbox 1011 3222 1053 3268; x_wconf 92' lang='lat' dir='ltr'>os</span> <span class='ocrx_word' id='word_1_181' title='bbox 1085 3223 1133 3267; x_wconf 76' lang='lat' dir='ltr'>ea</span> 
     </span>
     <span class='ocr_line' id='line_1_26' title="bbox 125 3313 1132 3413; baseline -0.002 -23"><span class='ocrx_word' id='word_1_182' title='bbox 125 3322 262 3390; x_wconf 86' lang='lat' dir='ltr'>crassis</span> <span class='ocrx_word' id='word_1_183' title='bbox 281 3313 481 3408; x_wconf 84' lang='lat' dir='ltr'>clysmata,·</span> <span class='ocrx_word' id='word_1_184' title='bbox 502 3314 574 3386; x_wconf 90' lang='lat' dir='ltr'>boc</span> <span class='ocrx_word' id='word_1_185' title='bbox 591 3318 692 3386; x_wconf 88' lang='lat' dir='ltr'>enim</span> <span class='ocrx_word' id='word_1_186' title='bbox 707 3315 917 3413; x_wconf 84' lang='lat' dir='ltr'>aliquando</span> <span class='ocrx_word' id='word_1_187' title='bbox 937 3316 1132 3404; x_wconf 89' lang='lat' dir='ltr'>accidere,</span> 
     </span>
     <span class='ocr_line' id='line_1_27' title="bbox 125 3428 965 3530; baseline -0.001 -25"><span class='ocrx_word' id='word_1_188' title='bbox 125 3436 279 3507; x_wconf 85' lang='lat' dir='ltr'>testibus</span> <span class='ocrx_word' id='word_1_189' title='bbox 290 3438 512 3530; x_wconf 72' lang='lat' dir='ltr'>gravissimis</span> <span class='ocrx_word' id='word_1_190' title='bbox 524 3428 640 3522; x_wconf 65' lang='lat' dir='ltr'>virts,</span> <span class='ocrx_word' id='word_1_191' title='bbox 659 3458 738 3504; x_wconf 92' lang='lat' dir='ltr'>non</span> <span class='ocrx_word' id='word_1_192' title='bbox 760 3431 965 3504; x_wconf 87' lang='lat' dir='ltr'>dubitabat.</span> 
     </span>
    </p>
   </div>
   <div class='ocr_carea' id='block_1_3' title="bbox 165 3735 732 4011">
    <p class='ocr_par' dir='ltr' id='par_1_3' title="bbox 165 3735 732 4011">
     <span class='ocr_line' id='line_1_28' title="bbox 165 3735 524 3815; baseline -0.006 -21"><span class='ocrx_word' id='word_1_193' title='bbox 165 3737 211 3814; x_wconf 87' lang='lat'>(1)</span> <span class='ocrx_word' id='word_1_194' title='bbox 231 3737 358 3793; x_wconf 83' lang='lat' dir='ltr'>Advers.</span> <span class='ocrx_word' id='word_1_195' title='bbox 376 3736 414 3808; x_wconf 82' lang='lat'>3,</span> <span class='ocrx_word' id='word_1_196' title='bbox 430 3735 481 3815; x_wconf 79' lang='lat' dir='ltr'>fig.</span> <span class='ocrx_word' id='word_1_197' title='bbox 499 3755 524 3792; x_wconf 92' lang='lat'>1.</span> 
     </span>
     <span class='ocr_line' id='line_1_29' title="bbox 167 3835 339 3917; baseline -0.012 -24"><span class='ocrx_word' id='word_1_198' title='bbox 167 3835 211 3917; x_wconf 71' lang='lat' dir='ltr'>(a)</span> <span class='ocrx_word' id='word_1_199' title='bbox 232 3836 272 3892; x_wconf 84' lang='lat' dir='ltr'>N.</span> <span class='ocrx_word' id='word_1_200' title='bbox 292 3853 339 3893; x_wconf 81' lang='lat'>12.</span> 
     </span>
     <span class='ocr_line' id='line_1_30' title="bbox 168 3933 732 4011; baseline -0.007 -17"><span class='ocrx_word' id='word_1_201' title='bbox 168 3934 213 4011; x_wconf 73' lang='lat'>(3)</span> <span class='ocrx_word' id='word_1_202' title='bbox 230 3936 363 3993; x_wconf 84' lang='lat' dir='ltr'>Praelect.</span> <span class='ocrx_word' id='word_1_203' title='bbox 376 3936 415 3994; x_wconf 85' lang='lat' dir='ltr'>ad</span> <span class='ocrx_word' id='word_1_204' title='bbox 425 3936 518 3993; x_wconf 86' lang='lat' dir='ltr'>instit.</span> <span class='ocrx_word' id='word_1_205' title='bbox 532 3939 548 4006; x_wconf 75' lang='lat' dir='ltr'>S</span> <span class='ocrx_word' id='word_1_206' title='bbox 561 3934 619 3993; x_wconf 83' lang='lat'>816</span> <span class='ocrx_word' id='word_1_207' title='bbox 634 3935 666 3990; x_wconf 93' lang='lat' dir='ltr'>in</span> <span class='ocrx_word' id='word_1_208' title='bbox 681 3933 732 3991; x_wconf 85' lang='lat' dir='ltr'>lin.</span> 
     </span>
    </p>
   </div>
   <div class='ocr_carea' id='block_1_4' title="bbox 0 0 1310 4514">
    <p class='ocr_par' dir='ltr' id='par_1_4' title="bbox 0 0 1310 4514">
     <span class='ocr_line' id='line_1_31' title="bbox 0 0 1310 4514; baseline 0 0"><span class='ocrx_word' id='word_1_209' title='bbox 0 0 1310 4514; x_wconf 95' lang='lat' dir='ltr'> </span> 
     </span>
    </p>
   </div>
  </div>
 </body>
</html>
