2580 4514
144 402 220 452 tta.
243 403 299 450 111.
329 371 849 463 nanonnrsvsn'ra1s,ar1ss.
872 400 1009 447 xxxvn.
1038 378 1108 474 [447

109 517 291 604 titudine,
313 515 375 587 ille
392 529 518 587 autem
532 513 790 611 magnitudine
811 518 872 605 ori
887 513 1109 602 columbini,

109 638 245 707 mmmi
259 616 379 708 instar
391 637 553 703 concreti
574 630 738 702 lucidum
755 645 793 700 et
809 629 986 728 mollem(
1001 648 1043 703 ut
1061 632 1110 704 ad
1199 666 1203 673 ·

109 755 325 846 memoriam
357 749 514 823 reducat
540 774 560 819 a
581 749 647 820 cel.
670 750 918 844 Heistero(1)
941 750 1109 850 descrip-

109 895 205 957 um,
234 859 301 967 qni
321 867 391 940 sub
411 891 547 965 rugosa
575 863 773 965 superficie
804 867 1052 939 substantiam
1076 883 1113 940 et

109 985 364 1078 ¹oloremfcre
379 984 543 1058 habebat
552 988 695 1080 gummi
708 981 864 1075 arabico
877 983 1000 1083 paulo
1024 986 1111 1055 soli·

109 1102 226 1177 liaris
252 1102 362 1175 baud
387 1101 592 1172 absimilem
614 1100 627 1195 )
647 1114 712 1171 aut
739 1101 805 1196 qui
827 1124 847 1169 a
871 1100 1033 1173 Beznldo
1058 1100 1124 1198 (α)

109 1221 298 1318 tingitur,
312 1218 611 1314 ¹crystalliformis
612 1215 735 1315 plane
736 1216 952 1315 pellucidus
962 1218 1008 1289 ab
1022 1223 1116 1290 Hen'·

109 1339 187 1411 ico
196 1334 353 1409 Alberto
362 1334 507 1406 Nicolai
515 1335 707 1421 inventus,
721 1349 756 1404 et
764 1334 1116 1434 observationeVl3)

109 1455 308 1529 udicatus.
336 1451 464 1530 Sedet
486 1450 686 1522 candicans
710 1450 771 1522 ille
794 1468 906 1550 atque
929 1454 1115 1545 albicans,

109 1595 230 1672 luem
255 1569 369 1642 semel
393 1583 506 1665 atque
525 1569 661 1640 iterum
681 1571 972 1642 memoravimus
988 1597 1031 1642 ex
1048 1576 1117 1644 Va·
1217 1621 1220 1630 ·

109 1713 190 1763 ero
216 1686 272 1785 (4)
289 1684 503 1785 pellucidus
524 1700 561 1757 et
580 1692 834 1785 transparens²
847 1685 916 1759 luit
940 1715 948 1757 ε
978 1691 1058 1778 cui,
1084 1693 1116 1763 si

109 1805 282 1881 :olorem
312 1805 436 1876 minus
463 1802 659 1891 attendas,
684 1803 888 1902 adjungere
915 1831 959 1876 ex
985 1808 1117 1907 Sepul-

109 1923 247 1997 :hneto
255 1919 309 2017 (5)
326 1920 574 2109 trigintws
594 1923 734 2018 poteris
750 1946 771 1992 a
789 1921 971 2021 Scharpio
992 1950 1118 2024 reper-
1155 2016 1157 2020 y

109 2064 195 2129 ns,
215 2037 463 2121 carbunculii
546 2065 566 2107 r
571 2037 804 2137 pellucidos,
828 2056 864 2112 et
880 2039 1035 2116 fortasse
1054 2069 1117 2116 oc·

110 2159 257 2258 oginta
283 2171 441 2258 quoque·
455 2155 502 2229 ab
520 2157 714 2227 Sanctorio
746 2172 876 2228 nostro
902 2158 959 2256 (6)
982 2163 1114 2232 inven-

109 2300 188 2364 es,
204 2273 341 2345 similes
358 2272 546 2372 lapidibus
560 2271 808 2367 chrysolithis,
827 2275 962 2362 credo,
981 2293 1023 2348 ut
1039 2279 1112 2349 Pli-

109 2395 197 2469 sius
210 2389 274 2489 (7)
289 2389 540 2488 chrysolithos
561 2390 653 2462 dixit
673 2415 789 2461 aureo
810 2392 935 2462 colore
949 2396 1071 2466 transl
1096 2438 1113 2452 -

109 2523 241 2596 mutes.
268 2507 380 2599 Quod
399 2508 429 2578 si
454 2505 571 2594 nihil,
592 2508 661 2578 nisi
688 2507 928 2604 splendorem
952 2511 992 2581 in
1021 2514 1114 2609 cysti

109 2624 265 2713 alculis
292 2640 460 2723 spectare
481 2625 676 2712 vellemus,
703 2628 1023 2700 commemorandi
1051 2629 1116 2702 hic

109 2756 239 2818 assent
256 2741 317 2814 alii
328 2774 344 2828 ,·
359 2756 402 2814 ut
417 2767 462 2813 ex
476 2742 635 2815 Griselio
649 2742 704 2839 (8)
723 2743 783 2814 ille
797 2745 861 2840 qui
880 2769 952 2815 ovo
970 2739 1114 2843 gallinas
1145 2728 1152 2745 ¹

109 2857 229 2960 naulo
255 2858 401 2946 minor,
434 2855 648 2930 confractus
676 2859 994 2956 resplendescebat
1017 2870 1118 2934 acsi

109 2981 212 3048 nitro
221 2972 360 3072 plenus
371 2975 527 3067 fuisset,
550 2989 615 3045 aut
628 3000 672 3046 ex
683 2980 702 3044 J
706 3000 739 3045 ο.
757 2975 957 3049 Theodoro
972 2979 1115 3050 Schen-

138 3244 160 3327 (
184 3244 196 3320 )
216 3246 285 3313 Act·
303 3245 340 3300 N.
355 3247 388 3301 C.
403 3255 474 3300 tom.
492 3265 522 3316 1,
537 3245 603 3335 οδε..
623 3245 691 3302 181.

146 3343 160 3423 (
184 3343 196 3418 )
218 3343 295 3398 Diss.
313 3343 349 3399 de
364 3341 540 3416 cholelitho‚
565 3349 581 3416 ς
597 3344 631 3416 5,
648 3344 696 3421 fig
713 3351 741 3411 4,

217 3444 290 3498 Dec.
305 3444 370 3499 obs.
382 3444 491 3499 illustr.

186 3541 198 3617 )
218 3522 305 3597 Thesi
325 3538 406 3607 thie
421 3543 471 3598 cit.
487 3553 516 3597 et
534 3540 562 3598 5.

186 3639 198 3716 )
219 3642 253 3696 L.
268 3641 301 3711 3,
316 3659 337 3696 s.
353 3661 386 3712 ¹7
402 3642 433 3697 in
444 3642 536 3698 addit.
552 3643 680 3717 append.
696 3643 736 3708 ad
748 3643 812 3703 obs·
827 3661 859 3714 a,
874 3648 893 3714 5
911 3663 937 3719 r.
1060 3673 1062 3676 ·

186 3739 198 3818 )
219 3741 381 3796 Commeat.
396 3742 428 3796 in
445 3761 476 3813 1,
494 3741 552 3796 fen.
570 3761 601 3813 1,
615 3761 677 3799 can.
691 3743 767 3799 avic.
781 3761 833 3818 qu.
848 3743 896 3815 76.

188 3839 199 3916 )
220 3840 290 3895 Nat.
303 3839 372 3895 hist.
385 3842 405 3895 l.
422 3842 475 3913 37,
485 3854 554 3916 c.'9‚.
903 3894 914 3907 ,.

156 3937 201 4016 (8)
223 3937 292 3996 vid.
305 3937 337 3996 in
350 3941 440 4008 modo
454 3941 502 4001 cit.
516 3951 586 4003 sect.
602 3961 648 4013 17,
660 3942 726 4003 obs.
744 3941 796 4016 13,
810 3945 827 4012 S
839 3958 887 4005 rr.

147 3444 181 3520 (s

151 3541 184 3618 lt

150 3638 185 3717 (s

151 3738 185 3816 (s

153 3837 184 3915 (7
