2580 4514
248 368 319 468 594
412 389 456 436 nn
483 386 630 436 sumnus
655 389 697 435 nr
722 388 847 449 crusis
873 389 1088 438 uonaonuu

245 504 398 592 cebant,
413 502 478 575 sed
494 523 773 600 quamcumque
791 501 907 573 iniret
919 503 1062 601 aliquis
1078 505 1233 578 medendi

243 624 359 709 viam,
381 623 421 691 in
439 619 518 691 dies
538 617 788 717 augebantur,
805 634 947 692 utnon
963 622 1048 717 jam
1065 625 1234 721 tympani·

243 756 317 811 tem
338 762 433 836 aeger
456 737 531 808 huc
548 736 738 819 attulisse,
756 735 821 806 sed
842 739 1083 835 praecipitem
1104 742 1234 812 ascitenr

233 856 448 942 rideretum
469 855 530 925 cui
553 879 641 924 mox
657 851 821 924 thoracis
846 869 883 925 et
909 853 1085 952 denique
1110 855 1235 929 cerebri

242 973 412 1072 hydrops
430 994 468 1045 se
489 971 676 1068 adjunxit,
694 969 1025 1068 quemadmodum
1044 976 1153 1046 exiis
1171 997 1235 1072 qua
1276 1008 1278 1103 q

243 1089 476 1176 adscribam,
495 1089 609 1186 signis
623 1111 837 1185 cognosces.
854 1089 1075 1188 Principio,
1095 1091 1125 1163 si
1139 1089 1236 1163 abdo
1271 1118 1278 1191 -ᾗ

243 1209 355 1279 minis
380 1207 476 1278 latus
498 1206 646 1277 sinistra
667 1205 947 1302 complectens,
974 1206 1080 1280 latus
1099 1208 1235 1281 aiterum
1276 1270 1278 1299 ,

242 1326 409 1424 repetitis
428 1323 587 1396 dexterae
603 1322 759 1394 modicis
770 1320 906 1394 ictibus
937 1323 1180 1423 impelleres;
1198 1325 1236 1395 ai·
1274 1304 1278 1431 i

243 1444 318 1515 lisae
336 1443 381 1514 ad
402 1443 590 1514 sinistram
616 1464 720 1537 aquae
750 1437 1043 1513 fluctuationem
1075 1444 1237 1542 percipie·
1276 1446 1278 1479 ⁵

242 1559 318 1633 bas.
344 1559 418 1632 Sed
437 1557 537 1630 haud
557 1558 683 1629 multis
709 1557 912 1654 interjectis
937 1556 1110 1655 diebus,
1129 1576 1235 1632 venter

243 1704 322 1749 non
343 1677 457 1749 modo
477 1701 573 1774 aqua
592 1675 750 1774 plenus,
771 1674 836 1747 sed
854 1689 996 1772 praeter
1015 1677 1175 1750 modum
1192 1693 1234 1749 tn·

243 1796 392 1882 midus,
417 1819 459 1866 ac
482 1793 685 1880 distentus,
708 1787 916 1897 impellenti
943 1797 1086 1866 manui
1113 1797 1235 1869 resiste·

243 1915 333 1985 bat:
359 1927 397 1984 et
428 1912 539 1983 simul
564 1911 749 1982 oedemate
780 1933 856 1982 non
887 1909 1009 2007 pedes
1041 1914 1168 1987 solum
1187 1925 1233 1985 aut

244 2055 376 2118 crura,
400 2028 464 2102 sed
490 2025 632 2106 femora
649 2051 803 2125 quoque
820 2026 930 2098 vaide
947 2030 1180 2129 turgebant,
1194 2027 1233 2101 b·

244 2150 299 2220 cie
318 2164 354 2220 et
372 2146 529 2218 artubus
542 2142 1134 2242 superioribusmacescentibus.
1154 2152 1234 2220 Inter

244 2267 348 2336 initia
360 2267 470 2336 tussis
485 2263 673 2360 quaedam,
690 2260 826 2333 deinde
841 2261 969 2350 nuiia;
991 2264 1065 2335 sed
1081 2291 1166 2338 cum
1177 2263 1235 2364 pn'·

245 2408 348 2454 mum
366 2406 462 2479 aeger
476 2395 601 2479 posset
618 2381 657 2448 in
678 2394 804 2449 utrum
822 2376 958 2450 liberet
979 2381 1088 2455 latus
1103 2383 1234 2467 cubare,

244 2526 324 2572 non
339 2501 460 2597 potuit
476 2513 625 2595 postea,
644 2497 718 2568 nisi
728 2497 765 2566 in
777 2495 1003 2569 dexterum:
1024 2514 1068 2572 et
1083 2501 1236 2574 licettoto

245 2617 370 2689 morbi
390 2632 559 2714 tempore
579 2612 805 2685 decumbere
824 2602 1023 2713 potuerit3
1048 2615 1113 2691 bis
1134 2633 1234 2691 tamen

245 2751 331 2807 ante
339 2749 548 2832 postremas
560 2728 816 2802 hebdomadas
827 2756 850 2801 e
860 2729 962 2802 lecto
976 2733 1236 2808 exsilireabin·

245 2851 422 2924 minentis
435 2846 692 2922 suffocationis
700 2869 811 2919 sensu
824 2863 984 2922 coactus
1002 2865 1081 2940 est,
1098 2855 1235 2952 quisae

247 2964 1236 3067 susutrepentevenerat,siciilicoabibat.Tandemui

245 3089 346 3160 timis
366 3083 483 3157 ferme
495 3083 626 3155 decem
646 3079 779 3154 diebus
800 3080 980 3179 quodam‘
994 3089 1109 3184 quasi
1124 3092 1235 3188 sopore

247 3204 508 3290 tenebatur,et
520 3224 612 3297 saepe
626 3199 775 3296 aliquo,
795 3198 859 3271 sed
873 3199 1096 3295 levissimo,
1113 3204 1233 3281 delirio.

245 3324 350 3390 Tunc
368 3321 477 3389 etiam
492 3317 617 3389 cordis
629 3318 742 3402 vires,
758 3340 840 3414 quae
856 3313 1013 3391 fuerant
1025 3320 1097 3397 diu
1120 3319 1236 3402 valide,

246 3435 405 3509 subinde
430 3432 657 3505 infirmiores
678 3431 844 3504 fiebant:
875 3448 1111 3510 caeterorum
1135 3451 1236 3510 auten

246 3549 1104 3648 musculorumvirespropeusqueaduitimnm
1114 3552 1241 3627 nonde·

247 3670 427 3743 fecerunt.
441 3670 478 3739 Si
492 3666 785 3766 febresexcipias
791 3666 910 3754 duas,
922 3693 1017 3766 quae-
1029 3675 1160 3746 multis
1172 3682 1239 3743 ante

247 3803 408 3858 mortem
417 3785 552 3858 diebus
566 3787 787 3882 ingruerant
797 3837 806 3872 ,
815 3783 934 3856 altera
945 3812 1030 3859 non
1045 3793 1128 3863 sine
1140 3786 1240 3886 iong‘t

246 3903 470 3979 horroribus
487 3918 524 3975 et
537 3901 766 3975 tremoribus
779 3904 877 3977 iutra
889 3900 1064 3987 biduum
1076 3899 1240 3986 tamense
