<?xml version="1.0" encoding="UTF-8"?>
<!DOCTYPE html PUBLIC "-//W3C//DTD XHTML 1.0 Transitional//EN"
    "http://www.w3.org/TR/xhtml1/DTD/xhtml1-transitional.dtd">
<html xmlns="http://www.w3.org/1999/xhtml" xml:lang="en" lang="en">
 <head>
  <title>
</title>
<meta http-equiv="Content-Type" content="text/html;charset=utf-8" />
  <meta name='ocr-system' content='tesseract 3.04.00' />
  <meta name='ocr-capabilities' content='ocr_page ocr_carea ocr_par ocr_line ocrx_word'/>
</head>
<body>
  <div class='ocr_page' id='page_1' title='image "./desedibusetcaus00adelgoog_0295.png"; bbox 0 0 2580 4514; ppageno 0'>
   <div class='ocr_carea' id='block_1_1' title="bbox 142 307 980 406">
    <p class='ocr_par' dir='ltr' id='par_1_1' title="bbox 142 307 980 406">
     <span class='ocr_line' id='line_1_1' title="bbox 142 307 980 406; baseline 0.004 -26"><span class='ocrx_word' id='word_1_1' title='bbox 142 307 212 406; x_wconf 79' lang='lat'><strong>296</strong></span> <span class='ocrx_word' id='word_1_2' title='bbox 266 317 271 324; x_wconf 83' lang='lat'>&#39;</span> <span class='ocrx_word' id='word_1_3' title='bbox 306 331 354 377; x_wconf 79' lang='lat' dir='ltr'><strong>na</strong></span> <span class='ocrx_word' id='word_1_4' title='bbox 380 329 525 377; x_wconf 77' lang='lat' dir='ltr'><strong>sumnus</strong></span> <span class='ocrx_word' id='word_1_5' title='bbox 550 332 594 378; x_wconf 80' lang='lat' dir='ltr'><strong>ar</strong></span> <span class='ocrx_word' id='word_1_6' title='bbox 619 330 744 379; x_wconf 78' lang='lat' dir='ltr'><strong>causis</strong></span> <span class='ocrx_word' id='word_1_7' title='bbox 767 332 980 383; x_wconf 76' lang='lat' dir='ltr'><strong>uonaornn</strong></span> 
     </span>
    </p>
   </div>
   <div class='ocr_carea' id='block_1_2' title="bbox 9 441 1174 3248">
    <p class='ocr_par' dir='ltr' id='par_1_2' title="bbox 137 441 1167 776">
     <span class='ocr_line' id='line_1_2' title="bbox 140 441 1167 544; baseline 0.007 -32"><span class='ocrx_word' id='word_1_8' title='bbox 140 467 221 539; x_wconf 84' lang='lat' dir='ltr'><strong>que</strong></span> <span class='ocrx_word' id='word_1_9' title='bbox 241 441 496 512; x_wconf 90' lang='lat' dir='ltr'><strong>humanorum</strong></span> <span class='ocrx_word' id='word_1_10' title='bbox 524 441 771 531; x_wconf 85' lang='lat' dir='ltr'><strong>cadaverum,</strong></span> <span class='ocrx_word' id='word_1_11' title='bbox 800 445 943 541; x_wconf 84' lang='lat' dir='ltr'><strong>quibus</strong></span> <span class='ocrx_word' id='word_1_12' title='bbox 975 447 1052 544; x_wconf 83' lang='lat' dir='ltr'><strong>ipsc</strong></span> <span class='ocrx_word' id='word_1_13' title='bbox 1077 468 1114 518; x_wconf 85' lang='lat' dir='ltr'><strong>ca·</strong></span> <span class='ocrx_word' id='word_1_14' title='bbox 1165 519 1167 526; x_wconf 85' lang='grc'>,</span> 
     </span>
     <span class='ocr_line' id='line_1_3' title="bbox 137 559 1120 660; baseline 0.006 -31"><span class='ocrx_word' id='word_1_15' title='bbox 137 559 257 630; x_wconf 90' lang='lat' dir='ltr'><strong>ruisse</strong></span> <span class='ocrx_word' id='word_1_16' title='bbox 290 559 481 655; x_wconf 90' lang='lat' dir='ltr'><strong>queritur,</strong></span> <span class='ocrx_word' id='word_1_17' title='bbox 516 559 845 633; x_wconf 87' lang='lat' dir='ltr'><strong>observationibus</strong></span> <span class='ocrx_word' id='word_1_18' title='bbox 883 564 924 633; x_wconf 92' lang='lat' dir='ltr'><strong>in</strong></span> <span class='ocrx_word' id='word_1_19' title='bbox 960 562 1120 660; x_wconf 87' lang='lat' dir='ltr'><strong>ejusmodi</strong></span> 
     </span>
     <span class='ocr_line' id='line_1_4' title="bbox 138 674 1126 776; baseline 0.006 -30"><span class='ocrx_word' id='word_1_20' title='bbox 138 674 283 746; x_wconf 83' lang='lat' dir='ltr'>morbis</span> <span class='ocrx_word' id='word_1_21' title='bbox 304 691 495 772; x_wconf 86' lang='lat' dir='ltr'><strong>comperta</strong></span> <span class='ocrx_word' id='word_1_22' title='bbox 509 691 576 763; x_wconf 85' lang='lat' dir='ltr'><strong>est,</strong></span> <span class='ocrx_word' id='word_1_23' title='bbox 591 692 631 748; x_wconf 92' lang='lat' dir='ltr'><strong>ut</strong></span> <span class='ocrx_word' id='word_1_24' title='bbox 641 676 709 749; x_wconf 89' lang='lat' dir='ltr'><strong>tibi</strong></span> <span class='ocrx_word' id='word_1_25' title='bbox 723 681 925 776; x_wconf 77' lang='lat' dir='ltr'><strong>propositae</strong></span> <span class='ocrx_word' id='word_1_26' title='bbox 937 681 1126 752; x_wconf 82' lang='lat' dir='ltr'><strong>ostendunt</strong></span> 
     </span>
    </p>

    <p class='ocr_par' dir='ltr' id='par_1_3' title="bbox 9 791 1174 1598">
     <span class='ocr_line' id='line_1_5' title="bbox 138 791 1174 896; baseline 0.006 -32"><span class='ocrx_word' id='word_1_27' title='bbox 138 793 309 891; x_wconf 85' lang='lat' dir='ltr'><strong>agricolae</strong></span> <span class='ocrx_word' id='word_1_28' title='bbox 321 794 393 887; x_wconf 85' lang='lat'><strong>(1),</strong></span> <span class='ocrx_word' id='word_1_29' title='bbox 407 791 601 891; x_wconf 80' lang='lat' dir='ltr'><strong>bajuli(2),</strong></span> <span class='ocrx_word' id='word_1_30' title='bbox 623 810 659 866; x_wconf 89' lang='lat' dir='ltr'><strong>et</strong></span> <span class='ocrx_word' id='word_1_31' title='bbox 677 820 810 894; x_wconf 82' lang='lat' dir='ltr'><strong>magna</strong></span> <span class='ocrx_word' id='word_1_32' title='bbox 828 822 873 868; x_wconf 81' lang='lat' dir='ltr'><strong>ex</strong></span> <span class='ocrx_word' id='word_1_33' title='bbox 891 812 1001 896; x_wconf 85' lang='lat' dir='ltr'><strong>parte</strong></span> <span class='ocrx_word' id='word_1_34' title='bbox 1015 797 1128 869; x_wconf 86' lang='lat' dir='ltr'><strong>mulie·</strong></span> <span class='ocrx_word' id='word_1_35' title='bbox 1172 802 1174 817; x_wconf 93' lang='lat'>&#39;</span> 
     </span>
     <span class='ocr_line' id='line_1_6' title="bbox 138 909 1130 1007; baseline 0.005 -27"><span class='ocrx_word' id='word_1_36' title='bbox 138 913 189 982; x_wconf 90' lang='lat' dir='ltr'><strong>ris</strong></span> <span class='ocrx_word' id='word_1_37' title='bbox 209 910 404 1006; x_wconf 84' lang='lat' dir='ltr'><strong>eujusdam</strong></span> <span class='ocrx_word' id='word_1_38' title='bbox 423 910 477 1007; x_wconf 66' lang='lat'><strong>(3)</strong></span> <span class='ocrx_word' id='word_1_39' title='bbox 491 909 664 984; x_wconf 83' lang='lat' dir='ltr'><strong>historiae.</strong></span> <span class='ocrx_word' id='word_1_40' title='bbox 688 915 812 985; x_wconf 85' lang='lat' dir='ltr'><strong>Posita</strong></span> <span class='ocrx_word' id='word_1_41' title='bbox 832 929 962 986; x_wconf 83' lang='lat' dir='ltr'><strong>autem</strong></span> <span class='ocrx_word' id='word_1_42' title='bbox 983 940 1061 988; x_wconf 88' lang='lat' dir='ltr'><strong>non</strong></span> <span class='ocrx_word' id='word_1_43' title='bbox 1085 930 1130 986; x_wconf 82' lang='lat' dir='ltr'><strong>te-</strong></span> 
     </span>
     <span class='ocr_line' id='line_1_7' title="bbox 137 1027 1129 1117; baseline 0.001 -17"><span class='ocrx_word' id='word_1_44' title='bbox 137 1032 271 1100; x_wconf 88' lang='lat' dir='ltr'><strong>nuium</strong></span> <span class='ocrx_word' id='word_1_45' title='bbox 302 1028 436 1117; x_wconf 82' lang='lat' dir='ltr'><strong>modu,</strong></span> <span class='ocrx_word' id='word_1_46' title='bbox 470 1027 535 1099; x_wconf 85' lang='lat' dir='ltr'><strong>sed</strong></span> <span class='ocrx_word' id='word_1_47' title='bbox 565 1044 602 1100; x_wconf 88' lang='lat' dir='ltr'><strong>et</strong></span> <span class='ocrx_word' id='word_1_48' title='bbox 629 1053 839 1102; x_wconf 90' lang='lat' dir='ltr'><strong>crassorum</strong></span> <span class='ocrx_word' id='word_1_49' title='bbox 875 1032 1129 1105; x_wconf 86' lang='lat' dir='ltr'><strong>intestinomn</strong></span> 
     </span>
     <span class='ocr_line' id='line_1_8' title="bbox 136 1146 1130 1246; baseline 0.003 -30"><span class='ocrx_word' id='word_1_50' title='bbox 136 1146 394 1245; x_wconf 85' lang='lat' dir='ltr'><strong>plenitudine,</strong></span> <span class='ocrx_word' id='word_1_51' title='bbox 411 1147 512 1218; x_wconf 88' lang='lat' dir='ltr'><strong>ultro</strong></span> <span class='ocrx_word' id='word_1_52' title='bbox 528 1172 709 1245; x_wconf 90' lang='lat' dir='ltr'><strong>apparere</strong></span> <span class='ocrx_word' id='word_1_53' title='bbox 724 1148 1034 1246; x_wconf 79' lang='lat' dir='ltr'><em>impedimentum</em></span> <span class='ocrx_word' id='word_1_54' title='bbox 1052 1147 1130 1219; x_wconf 90' lang='lat' dir='ltr'><strong>illud</strong></span> 
     </span>
     <span class='ocr_line' id='line_1_9' title="bbox 9 1263 1130 1363; baseline 0.004 -30"><span class='ocrx_word' id='word_1_55' title='bbox 9 1314 12 1319; x_wconf 90' lang='lat'>-</span> <span class='ocrx_word' id='word_1_56' title='bbox 136 1264 335 1353; x_wconf 81' lang='lat' dir='ltr'><strong>videbam,</strong></span> <span class='ocrx_word' id='word_1_57' title='bbox 375 1263 482 1361; x_wconf 90' lang='lat' dir='ltr'><strong>quod</strong></span> <span class='ocrx_word' id='word_1_58' title='bbox 514 1266 564 1334; x_wconf 90' lang='lat' dir='ltr'><strong>in·</strong></span> <span class='ocrx_word' id='word_1_59' title='bbox 589 1264 817 1337; x_wconf 81' lang='lat' dir='ltr'><strong>Adversariis</strong></span> <span class='ocrx_word' id='word_1_60' title='bbox 841 1265 912 1363; x_wconf 61' lang='lat' dir='ltr'><strong>(A)</strong></span> <span class='ocrx_word' id='word_1_61' title='bbox 936 1266 1130 1363; x_wconf 83' lang='lat' dir='ltr'><strong>generatim</strong></span> 
     </span>
     <span class='ocr_line' id='line_1_10' title="bbox 138 1381 1130 1481; baseline 0.002 -29"><span class='ocrx_word' id='word_1_62' title='bbox 138 1381 380 1479; x_wconf 81' lang='lat' dir='ltr'><strong>quaerendum</strong></span> <span class='ocrx_word' id='word_1_63' title='bbox 391 1402 474 1454; x_wconf 78' lang='lat' dir='ltr'><strong>&#39;esse</strong></span> <span class='ocrx_word' id='word_1_64' title='bbox 487 1381 736 1454; x_wconf 80' lang='lat' dir='ltr'><strong>indicaveram</strong></span> <span class='ocrx_word' id='word_1_65' title='bbox 751 1437 761 1470; x_wconf 92' lang='lat'>‚</span> <span class='ocrx_word' id='word_1_66' title='bbox 777 1407 855 1480; x_wconf 91' lang='lat' dir='ltr'><strong>quo</strong></span> <span class='ocrx_word' id='word_1_67' title='bbox 868 1384 1130 1481; x_wconf 86' lang='lat' dir='ltr'><strong>impedimento</strong></span> 
     </span>
     <span class='ocr_line' id='line_1_11' title="bbox 138 1498 1132 1598; baseline 0.002 -29"><span class='ocrx_word' id='word_1_68' title='bbox 138 1501 194 1571; x_wconf 88' lang='lat' dir='ltr'><strong>ad</strong></span> <span class='ocrx_word' id='word_1_69' title='bbox 211 1515 353 1598; x_wconf 84' lang='lat' dir='ltr'><strong>tempus</strong></span> <span class='ocrx_word' id='word_1_70' title='bbox 372 1501 563 1595; x_wconf 82' lang='lat' dir='ltr'><strong>interjecto</strong></span> <span class='ocrx_word' id='word_1_71' title='bbox 577 1499 737 1571; x_wconf 91' lang='lat' dir='ltr'><strong>Bauhini</strong></span> <span class='ocrx_word' id='word_1_72' title='bbox 750 1498 897 1571; x_wconf 88' lang='lat' dir='ltr'><strong>valvula</strong></span> <span class='ocrx_word' id='word_1_73' title='bbox 912 1504 988 1571; x_wconf 85' lang='lat' dir='ltr'><strong>rite</strong></span> <span class='ocrx_word' id='word_1_74' title='bbox 1002 1498 1132 1573; x_wconf 77' lang='lat' dir='ltr'><strong>occludi</strong></span> 
     </span>
    </p>

    <p class='ocr_par' dir='ltr' id='par_1_4' title="bbox 20 1562 1174 3248">
     <span class='ocr_line' id='line_1_12' title="bbox 137 1562 1174 1716; baseline 0.002 -30"><span class='ocrx_word' id='word_1_75' title='bbox 137 1642 213 1686; x_wconf 86' lang='lat' dir='ltr'><strong>non</strong></span> <span class='ocrx_word' id='word_1_76' title='bbox 229 1632 381 1714; x_wconf 65' lang='lat' dir='ltr'><strong>possm,-</strong></span> <span class='ocrx_word' id='word_1_77' title='bbox 399 1616 446 1685; x_wconf 91' lang='lat' dir='ltr'><strong>ad</strong></span> <span class='ocrx_word' id='word_1_78' title='bbox 465 1631 632 1716; x_wconf 87' lang='lat' dir='ltr'><strong>tempus,</strong></span> <span class='ocrx_word' id='word_1_79' title='bbox 652 1619 827 1714; x_wconf 72' lang='lat' dir='ltr'><strong>inquam,</strong></span> <span class='ocrx_word' id='word_1_80' title='bbox 853 1641 944 1687; x_wconf 91' lang='lat' dir='ltr'><strong>nam</strong></span> <span class='ocrx_word' id='word_1_81' title='bbox 965 1618 998 1689; x_wconf 90' lang='lat' dir='ltr'><strong>si</strong></span> <span class='ocrx_word' id='word_1_82' title='bbox 1012 1562 1174 1715; x_wconf 62' lang='lat' dir='ltr'><strong>perpe-¹</strong></span> 
     </span>
     <span class='ocr_line' id='line_1_13' title="bbox 137 1733 1132 1832; baseline 0.002 -28"><span class='ocrx_word' id='word_1_83' title='bbox 137 1751 245 1804; x_wconf 86' lang='lat' dir='ltr'><strong>tuum</strong></span> <span class='ocrx_word' id='word_1_84' title='bbox 264 1734 328 1820; x_wconf 90' lang='lat' dir='ltr'><strong>sit,</strong></span> <span class='ocrx_word' id='word_1_85' title='bbox 344 1757 422 1802; x_wconf 91' lang='lat' dir='ltr'><strong>non</strong></span> <span class='ocrx_word' id='word_1_86' title='bbox 444 1733 673 1832; x_wconf 83' lang='lat' dir='ltr'><strong>intelligetur¹</strong></span> <span class='ocrx_word' id='word_1_87' title='bbox 693 1758 767 1831; x_wconf 88' lang='lat' dir='ltr'><strong>qua</strong></span> <span class='ocrx_word' id='word_1_88' title='bbox 793 1734 940 1805; x_wconf 89' lang='lat' dir='ltr'><strong>ratione</strong></span> <span class='ocrx_word' id='word_1_89' title='bbox 964 1748 1053 1832; x_wconf 80' lang='lat' dir='ltr'><strong>post</strong></span> <span class='ocrx_word' id='word_1_90' title='bbox 1072 1749 1132 1805; x_wconf 86' lang='lat' dir='ltr'><strong>tra·</strong></span> 
     </span>
     <span class='ocr_line' id='line_1_14' title="bbox 134 1846 1133 1951; baseline -0.003 -27"><span class='ocrx_word' id='word_1_91' title='bbox 134 1848 257 1949; x_wconf 83' lang='lat' dir='ltr'><strong>jecto&#39;s</strong></span> <span class='ocrx_word' id='word_1_92' title='bbox 282 1875 349 1948; x_wconf 93' lang='lat' dir='ltr'><strong>per</strong></span> <span class='ocrx_word' id='word_1_93' title='bbox 376 1850 475 1921; x_wconf 91' lang='lat' dir='ltr'><strong>illam</strong></span> <span class='ocrx_word' id='word_1_94' title='bbox 504 1852 703 1949; x_wconf 88' lang='lat' dir='ltr'><strong>clysteres,</strong></span> <span class='ocrx_word' id='word_1_95' title='bbox 722 1851 769 1922; x_wconf 88' lang='lat' dir='ltr'><strong>ad</strong></span> <span class='ocrx_word' id='word_1_96' title='bbox 790 1846 960 1923; x_wconf 87' lang='lat' dir='ltr'><strong>officium</strong></span> <span class='ocrx_word' id='word_1_97' title='bbox 982 1853 1065 1951; x_wconf 89' lang='lat' dir='ltr'><strong>ipsa</strong></span> <span class='ocrx_word' id='word_1_98' title='bbox 1085 1847 1133 1921; x_wconf 81' lang='lat' dir='ltr'><strong>vel</strong></span> 
     </span>
     <span class='ocr_line' id='line_1_15' title="bbox 138 1967 1134 2067; baseline 0 -26"><span class='ocrx_word' id='word_1_99' title='bbox 138 1970 321 2041; x_wconf 86' lang='lat' dir='ltr'><strong>continuo</strong></span> <span class='ocrx_word' id='word_1_100' title='bbox 341 1967 515 2054; x_wconf 87' lang='lat' dir='ltr'><strong>redierit,</strong></span> <span class='ocrx_word' id='word_1_101' title='bbox 535 1984 577 2041; x_wconf 89' lang='lat' dir='ltr'><strong>ut</strong></span> <span class='ocrx_word' id='word_1_102' title='bbox 596 1970 634 2038; x_wconf 92' lang='lat' dir='ltr'><strong>in</strong></span> <span class='ocrx_word' id='word_1_103' title='bbox 659 1968 884 2067; x_wconf 83' lang='lat' dir='ltr'><strong>quibusdam</strong></span> <span class='ocrx_word' id='word_1_104' title='bbox 916 1994 961 2041; x_wconf 84' lang='lat' dir='ltr'><strong>ex</strong></span> <span class='ocrx_word' id='word_1_105' title='bbox 984 1969 1032 2042; x_wconf 91' lang='lat' dir='ltr'><strong>iis</strong></span> <span class='ocrx_word' id='word_1_106' title='bbox 1056 1967 1134 2041; x_wconf 81' lang='lat' dir='ltr'><strong>casi-</strong></span> 
     </span>
     <span class='ocr_line' id='line_1_16' title="bbox 136 2085 1135 2184; baseline 0 -25"><span class='ocrx_word' id='word_1_107' title='bbox 136 2087 210 2159; x_wconf 90' lang='lat' dir='ltr'><strong>bus</strong></span> <span class='ocrx_word' id='word_1_108' title='bbox 231 2088 350 2158; x_wconf 90' lang='lat' dir='ltr'><strong>visum</strong></span> <span class='ocrx_word' id='word_1_109' title='bbox 379 2101 452 2175; x_wconf 88' lang='lat' dir='ltr'><strong>est,</strong></span> <span class='ocrx_word' id='word_1_110' title='bbox 478 2088 545 2184; x_wconf 92' lang='lat' dir='ltr'><strong>qui</strong></span> <span class='ocrx_word' id='word_1_111' title='bbox 561 2086 673 2184; x_wconf 92' lang='lat' dir='ltr'><strong>paulo</strong></span> <span class='ocrx_word' id='word_1_112' title='bbox 691 2103 777 2158; x_wconf 86' lang='lat' dir='ltr'><strong>ante</strong></span> <span class='ocrx_word' id='word_1_113' title='bbox 792 2085 850 2183; x_wconf 84' lang='lat'><strong>(5)</strong></span> <span class='ocrx_word' id='word_1_114' title='bbox 871 2101 961 2158; x_wconf 89' lang='lat' dir='ltr'><strong>sunt</strong></span> <span class='ocrx_word' id='word_1_115' title='bbox 983 2086 1135 2159; x_wconf 80' lang='lat' dir='ltr'><strong>indicati.</strong></span> 
     </span>
     <span class='ocr_line' id='line_1_17' title="bbox 140 2203 1136 2304; baseline -0.001 -28"><span class='ocrx_word' id='word_1_116' title='bbox 140 2210 185 2276; x_wconf 91' lang='lat' dir='ltr'><strong>In</strong></span> <span class='ocrx_word' id='word_1_117' title='bbox 202 2205 276 2277; x_wconf 89' lang='lat' dir='ltr'><strong>illis</strong></span> <span class='ocrx_word' id='word_1_118' title='bbox 300 2206 400 2275; x_wconf 89' lang='lat' dir='ltr'><strong>enim</strong></span> <span class='ocrx_word' id='word_1_119' title='bbox 425 2205 609 2277; x_wconf 87' lang='lat' dir='ltr'><strong>nonsatis</strong></span> <span class='ocrx_word' id='word_1_120' title='bbox 632 2203 769 2275; x_wconf 83' lang='lat' dir='ltr'><strong>faceret</strong></span> <span class='ocrx_word' id='word_1_121' title='bbox 793 2227 927 2275; x_wconf 90' lang='lat' dir='ltr'><strong>eorum</strong></span> <span class='ocrx_word' id='word_1_122' title='bbox 949 2204 1136 2304; x_wconf 79' lang='lat' dir='ltr'><strong>explicatio</strong></span> 
     </span>
     <span class='ocr_line' id='line_1_18' title="bbox 139 2321 1137 2421; baseline 0.001 -27"><span class='ocrx_word' id='word_1_123' title='bbox 139 2324 206 2420; x_wconf 91' lang='lat' dir='ltr'><strong>qui</strong></span> <span class='ocrx_word' id='word_1_124' title='bbox 237 2324 276 2393; x_wconf 88' lang='lat' dir='ltr'><strong>in</strong></span> <span class='ocrx_word' id='word_1_125' title='bbox 302 2321 427 2394; x_wconf 87' lang='lat' dir='ltr'><strong>ileosis</strong></span> <span class='ocrx_word' id='word_1_126' title='bbox 454 2323 638 2393; x_wconf 85' lang='lat' dir='ltr'><strong>valvulam</strong></span> <span class='ocrx_word' id='word_1_127' title='bbox 659 2323 786 2419; x_wconf 89' lang='lat' dir='ltr'><strong>rumpi</strong></span> <span class='ocrx_word' id='word_1_128' title='bbox 814 2335 878 2392; x_wconf 89' lang='lat' dir='ltr'><strong>aut</strong></span> <span class='ocrx_word' id='word_1_129' title='bbox 901 2322 1137 2421; x_wconf 78' lang='lat' dir='ltr'><strong>paralyticam</strong></span> 
     </span>
     <span class='ocr_line' id='line_1_19' title="bbox 139 2420 1139 2540; baseline 0.002 -29"><span class='ocrx_word' id='word_1_130' title='bbox 139 2440 222 2512; x_wconf 89' lang='lat' dir='ltr'><strong>fieri</strong></span> <span class='ocrx_word' id='word_1_131' title='bbox 240 2442 497 2536; x_wconf 88' lang='lat' dir='ltr'><strong>conjecerunt.</strong></span> <span class='ocrx_word' id='word_1_132' title='bbox 517 2420 639 2532; x_wconf 86' lang='lat' dir='ltr'><strong>Quam</strong></span> <span class='ocrx_word' id='word_1_133' title='bbox 662 2465 732 2540; x_wconf 85' lang='lat' dir='ltr'><strong>ego</strong></span> <span class='ocrx_word' id='word_1_134' title='bbox 752 2439 922 2511; x_wconf 89' lang='lat' dir='ltr'><strong>ultimam</strong></span> <span class='ocrx_word' id='word_1_135' title='bbox 953 2441 1139 2538; x_wconf 86' lang='lat' dir='ltr'><strong>conjectu·</strong></span> 
     </span>
     <span class='ocr_line' id='line_1_20' title="bbox 137 2556 1138 2657; baseline 0 -28"><span class='ocrx_word' id='word_1_136' title='bbox 137 2584 218 2630; x_wconf 88' lang='lat' dir='ltr'><strong>ram</strong></span> <span class='ocrx_word' id='word_1_137' title='bbox 233 2585 280 2631; x_wconf 91' lang='lat' dir='ltr'><strong>ne</strong></span> <span class='ocrx_word' id='word_1_138' title='bbox 299 2574 390 2630; x_wconf 88' lang='lat' dir='ltr'><strong>tunc</strong></span> <span class='ocrx_word' id='word_1_139' title='bbox 406 2559 561 2657; x_wconf 89' lang='lat' dir='ltr'><strong>quidem</strong></span> <span class='ocrx_word' id='word_1_140' title='bbox 582 2558 721 2631; x_wconf 90' lang='lat' dir='ltr'><strong>habere</strong></span> <span class='ocrx_word' id='word_1_141' title='bbox 743 2557 870 2629; x_wconf 91' lang='lat' dir='ltr'><strong>locum</strong></span> <span class='ocrx_word' id='word_1_142' title='bbox 900 2556 1044 2647; x_wconf 90' lang='lat' dir='ltr'><strong>credo,</strong></span> <span class='ocrx_word' id='word_1_143' title='bbox 1062 2580 1138 2631; x_wconf 86' lang='lat' dir='ltr'><strong>cum</strong></span> 
     </span>
     <span class='ocr_line' id='line_1_21' title="bbox 107 2674 1139 2776; baseline 0.004 -31"><span class='ocrx_word' id='word_1_144' title='bbox 107 2738 110 2745; x_wconf 86' lang='lat'>.</span> <span class='ocrx_word' id='word_1_145' title='bbox 139 2679 289 2750; x_wconf 90' lang='lat' dir='ltr'><strong>initium</strong></span> <span class='ocrx_word' id='word_1_146' title='bbox 313 2677 387 2750; x_wconf 91' lang='lat' dir='ltr'><strong>coli</strong></span> <span class='ocrx_word' id='word_1_147' title='bbox 404 2677 567 2776; x_wconf 90' lang='lat' dir='ltr'><strong>plurima</strong></span> <span class='ocrx_word' id='word_1_148' title='bbox 583 2691 758 2775; x_wconf 83' lang='lat' dir='ltr'><strong>congesta</strong></span> <span class='ocrx_word' id='word_1_149' title='bbox 774 2677 932 2747; x_wconf 86' lang='lat' dir='ltr'><strong>materia</strong></span> <span class='ocrx_word' id='word_1_150' title='bbox 949 2674 1139 2749; x_wconf 85' lang='lat' dir='ltr'><strong>dilatatum</strong></span> 
     </span>
     <span class='ocr_line' id='line_1_22' title="bbox 139 2793 1139 2894; baseline -0.001 -28"><span class='ocrx_word' id='word_1_151' title='bbox 139 2797 297 2892; x_wconf 88' lang='lat' dir='ltr'><strong>ponitur</strong></span> <span class='ocrx_word' id='word_1_152' title='bbox 309 2811 445 2894; x_wconf 84' lang='lat' dir='ltr'><strong>praeter</strong></span> <span class='ocrx_word' id='word_1_153' title='bbox 465 2793 634 2866; x_wconf 88' lang='lat' dir='ltr'><strong>modum.</strong></span> <span class='ocrx_word' id='word_1_154' title='bbox 652 2797 746 2866; x_wconf 86' lang='lat' dir='ltr'><strong>Nam</strong></span> <span class='ocrx_word' id='word_1_155' title='bbox 766 2794 835 2866; x_wconf 90' lang='lat' dir='ltr'><strong>etsi</strong></span> <span class='ocrx_word' id='word_1_156' title='bbox 854 2793 1006 2865; x_wconf 89' lang='lat' dir='ltr'><strong>valvula</strong></span> <span class='ocrx_word' id='word_1_157' title='bbox 1022 2795 1074 2866; x_wconf 90' lang='lat' dir='ltr'><strong>ob</strong></span> <span class='ocrx_word' id='word_1_158' title='bbox 1089 2818 1139 2865; x_wconf 81' lang='lat' dir='ltr'><strong>re-</strong></span> 
     </span>
     <span class='ocr_line' id='line_1_23' title="bbox 140 2912 1139 3015; baseline 0 -30"><span class='ocrx_word' id='word_1_159' title='bbox 140 2915 279 2986; x_wconf 87' lang='lat' dir='ltr'><strong>solutas</strong></span> <span class='ocrx_word' id='word_1_160' title='bbox 299 2913 487 3000; x_wconf 92' lang='lat' dir='ltr'><strong>duorum,</strong></span> <span class='ocrx_word' id='word_1_161' title='bbox 510 2937 555 2983; x_wconf 86' lang='lat' dir='ltr'><strong>ex</strong></span> <span class='ocrx_word' id='word_1_162' title='bbox 583 2912 729 3015; x_wconf 81' lang='lat' dir='ltr'><strong>quibus¹</strong></span> <span class='ocrx_word' id='word_1_163' title='bbox 743 2913 1016 3011; x_wconf 85' lang='lat' dir='ltr'><strong>componitur,</strong></span> <span class='ocrx_word' id='word_1_164' title='bbox 1035 2915 1139 2985; x_wconf 74' lang='lat' dir='ltr'><strong>intet-</strong></span> 
     </span>
     <span class='ocr_line' id='line_1_24' title="bbox 20 3028 1138 3130; baseline 0.003 -28"><span class='ocrx_word' id='word_1_165' title='bbox 20 3102 25 3113; x_wconf 74' lang='grc'><strong>,</strong></span> <span class='ocrx_word' id='word_1_166' title='bbox 140 3033 305 3104; x_wconf 88' lang='lat' dir='ltr'><strong>tinorum</strong></span> <span class='ocrx_word' id='word_1_167' title='bbox 320 3055 474 3102; x_wconf 88' lang='lat' dir='ltr'><strong>carneas</strong></span> <span class='ocrx_word' id='word_1_168' title='bbox 490 3028 603 3103; x_wconf 85' lang='lat' dir='ltr'><strong>fibras</strong></span> <span class='ocrx_word' id='word_1_169' title='bbox 619 3056 721 3120; x_wconf 87' lang='lat' dir='ltr'><strong>eam,</strong></span> <span class='ocrx_word' id='word_1_170' title='bbox 736 3029 1028 3130; x_wconf 81' lang='lat' dir='ltr'><strong>qualiscumque</strong></span> <span class='ocrx_word' id='word_1_171' title='bbox 1042 3044 1138 3117; x_wconf 76' lang='lat' dir='ltr'><strong>esset,</strong></span> 
     </span>
     <span class='ocr_line' id='line_1_25' title="bbox 138 3146 1138 3248; baseline 0.001 -30"><span class='ocrx_word' id='word_1_172' title='bbox 138 3151 213 3219; x_wconf 93' lang='lat' dir='ltr'><strong>vim</strong></span> <span class='ocrx_word' id='word_1_173' title='bbox 245 3150 439 3221; x_wconf 86' lang='lat' dir='ltr'><strong>‘amitteret</strong></span> <span class='ocrx_word' id='word_1_174' title='bbox 467 3172 505 3220; x_wconf 91' lang='lat' dir='ltr'><strong>se</strong></span> <span class='ocrx_word' id='word_1_175' title='bbox 543 3146 852 3248; x_wconf 83' lang='lat' dir='ltr'><strong>constringendi3</strong></span> <span class='ocrx_word' id='word_1_176' title='bbox 881 3148 961 3221; x_wconf 91' lang='lat' dir='ltr'><strong>duo</strong></span> <span class='ocrx_word' id='word_1_177' title='bbox 997 3163 1138 3232; x_wconf 87' lang='lat' dir='ltr'><strong>tamen,</strong></span> 
     </span>
    </p>
   </div>
   <div class='ocr_carea' id='block_1_3' title="bbox 0 0 1298 4514">
    <p class='ocr_par' dir='ltr' id='par_1_5' title="bbox 0 0 1298 4514">
     <span class='ocr_line' id='line_1_26' title="bbox 0 0 1298 4514; baseline 0 0"><span class='ocrx_word' id='word_1_178' title='bbox 0 0 1298 4514; x_wconf 95' lang='lat' dir='ltr'><strong> </strong></span> 
     </span>
    </p>
   </div>
  </div>
 </body>
</html>
