2580 4514
82 359 153 453 494
253 376 298 421 ue
325 372 469 420 sumnus
494 373 537 417 ur
563 368 687 416 clusis
712 367 931 416 uounoucu

84 506 138 562 est
152 488 347 585 hepaticus
362 485 508 556 ductus.
525 483 677 554 Dixerat
694 497 828 554 autem
848 483 966 580 paulo
989 502 1075 564 unte,
1131 468 1134 571 l

85 605 148 678 ille
170 620 312 675 meatus
331 608 398 702 qui
413 628 461 673 ex
470 599 650 695 folliculo
666 600 800 694 follit,
823 608 865 675 in
886 607 1077 673 intestinum

86 725 295 808 desinebat,
323 720 449 819 lapide
478 721 689 791 obstructus
721 735 839 790 erat:
873 746 990 817 quem
1019 746 1078 791 nou

87 843 267 939 cysticum
287 835 418 925 fuisse,
435 837 499 909 sed
519 861 780 926 communem,
794 852 940 936 praeter
953 864 995 910 ea
1019 863 1079 935 qui

92 959 326 1045 dictasunt,
355 955 448 1026 illud
478 979 628 1052 quoque
661 953 730 1025 tibi
761 954 977 1043 indicabit,
1000 954 1081 1054 quod

78 1075 278 1169 folliculus
276 1074 430 1166 fellisin
442 1073 506 1143 illo
518 1073 668 1143 icterico
672 1071 923 1170 plenissimus
932 1073 1081 1146 erotbile.

89 1197 220 1290 Neque
240 1192 347 1262 aliter
364 1192 522 1289 accipies
541 1191 580 1260 in
601 1191 740 1261 Coiteri
757 1190 1030 1263 observatione
1044 1188 1083 1288 (i)

93 1309 208 1381 verba
228 1309 309 1391 illa,
328 1313 366 1378 io
383 1324 508 1379 meatu
524 1333 547 1378 a
566 1313 682 1379 vesica
699 1307 785 1381 bilis
808 1307 871 1380 ad
892 1307 1085 1380 duodenum

95 1434 253 1499 ictericae
275 1451 432 1522 magnus
452 1426 638 1512 calculus,
660 1431 725 1521 qui
751 1449 840 1497 eum
861 1440 1028 1497 meatum
1041 1450 1086 1496 iot
1109 1406 1113 1413 ⁵

96 1545 293 1643 dequoque
306 1544 567 1631 obstruxerat,
580 1543 786 1641 praesertim
797 1568 891 1615 cum
903 1543 954 1615 ab
966 1540 1086 1642 ipso(i)

95 1653 303 1733 folliculum
322 1659 473 1743 felleum
491 1661 579 1735 alibi
598 1663 647 1733 ita
676 1661 921 1760 descriptum
946 1659 1087 1733 animal·

97 1781 273 1875 verteris,
292 1795 333 1850 ut
360 1779 462 1850 nulla
489 1780 617 1875 cystici
646 1781 845 1851 mentione
875 1777 994 1867 facta,
1017 1779 1088 1850 duos

100 1896 198 1969 dicut
213 1897 414 1967 obtinuisse
424 1921 564 1995 poros,
582 1896 740 1969 alterum
753 1921 830 1995 per
849 1924 968 1997 quem
981 1924 1029 1971 ex
1044 1898 1089 1967 lu·

97 2029 189 2113 pate
203 2011 311 2084 bilem
327 2014 461 2101 trahit,
481 2013 639 2084 alterum
653 2039 729 2112 per
753 2040 871 2112 quem
885 2041 939 2087 ex
954 2041 994 2087 se
1011 2040 1046 2086 se
1057 2016 1091 2086 ti·

104 2129 173 2202 lem
187 2137 224 2200 in
246 2129 460 2202 duodenum
481 2137 691 2203 intestinum
713 2137 950 2205 transmittit.
970 2133 1091 2205 Scilicet

101 2228 340 2349 praeceptoris
363 2247 518 2346 Faliopii
541 2246 603 2347 (ὅ)
632 2248 808 2344 dogmata
827 2249 872 2321 in
892 2248 1090 2349 ecquidem

105 2379 254 2436 secutus
281 2378 356 2451 est,
380 2380 422 2441 ut
446 2367 625 2464 cysticum
646 2365 804 2437 ductum
832 2392 920 2440 non
947 2390 1093 2441 secusne

103 2497 248 2555 veteres
259 2481 335 2568 illi,
358 2506 428 2578 pro
438 2484 608 2553 vesiculae
623 2483 766 2555 cervice
781 2482 970 2575 haberet3
989 2485 1093 2557 nonio

106 2626 151 2673 eo
168 2616 294 2671 tamen
311 2615 352 2670 ut.
366 2599 413 2670 ab
426 2600 563 2698 hepate
576 2601 622 2672 ad
637 2602 860 2674 intestinum
877 2629 981 2695 uno,
997 2624 1096 2700 eoque

107 2720 236 2804 recto,
267 2733 392 2789 meatu
416 2717 584 2808 deferri,
613 2719 746 2808 bilem,
775 2735 1028 2818 agnosceret,
1053 2719 1098 2791 cui

108 2841 249 2907 meatui
274 2834 397 2906 medio
423 2843 460 2906 in
487 2837 602 2913 ductu
623 2852 760 2914 natura
792 2845 959 2913 vesicam
988 2845 1099 2911 ccru'ee

107 2953 393 3051 implontouerit.

160 3070 217 3158 34.
244 3073 330 3140 Non
348 3072 528 3167 cysticum
547 3072 679 3170 igitur,
700 3071 766 3145 sed
786 3070 1012 3172 hepaticam
1031 3073 1099 3146 duc·

111 3202 212 3274 tum,
239 3212 352 3283 quem
377 3214 494 3258 unum
517 3205 791 3287 agnoscentes,
821 3192 997 3265 clarioris
1024 3192 1100 3263 dun·

113 3318 212 3373 taxat
231 3302 428 3393 doctrinae,
448 3321 485 3376 et
501 3307 786 3378 consuetudinis
805 3313 929 3406 gratia
951 3313 989 3380 in
1006 3309 1099 3405 hepa-

113 3419 228 3491 ticum
258 3434 294 3490 ct
312 3444 553 3493 communem
577 3422 797 3512 dividimus,
814 3426 895 3498 sive
911 3447 1102 3500 excrescen-

129 3601 283 3614 nnn—m...

121 3792 123 3797 ⁴
151 3717 195 3794 (ἰ)
216 3722 249 3775 L.
269 3721 302 3789 3,
317 3739 341 3776 s.
358 3720 389 3790 8,
405 3721 468 3776 obs.
483 3721 530 3778 36.

151 3816 195 3894 (α)
217 3820 290 3875 Tab.
307 3819 414 3876 intern.
427 3821 509 3876 hum.
525 3839 607 3895 corp.
622 3831 697 3894 part.

152 3918 196 3994 β)
217 3919 288 3975 Obs.
304 3929 384 3975 anat.
