2580 4514
136 323 204 404 502¹
298 345 345 400 ns
371 348 517 400 ssnums
542 353 585 398 ss
611 351 735 399 ceus1s
760 344 979 399 nonnosum

134 468 245 540 variis
261 465 361 538 effici
373 468 508 564 possit,
519 482 578 539 est
586 447 688 537 eerte
701 463 887 537 omnibus
897 462 1128 537 manifestum.

135 587 207 657 Alii
224 585 294 655 alia
303 583 531 655 addiderunt
543 599 672 682 postea
674 638 692 685 θ
703 608 786 680 quae
801 608 885 655 non
903 607 992 656 sum
1005 584 1132 682 singula

137 718 418 802 persecuturus,
431 701 586 799 quando
606 701 643 771 id
654 699 758 798 quod
768 699 817 772 de
829 704 986 773 vomitu
1001 700 1088 789 dixi,
1098 701 1134 772 de
1163 768 1169 780 ,

138 821 260 893 colico
280 821 427 907 dolore,
454 820 610 917 aliisque
639 817 827 914 ejusmodi
859 816 977 891 facile
999 808 1136 918 apparet

140 965 218 1011 esse
238 939 452 1010 dicendum.
464 937 593 1028 Quid?
611 937 718 1035 quod
732 939 913 1037 opposita
932 939 1042 1036 signa
1063 962 1136 1036 pro·

139 1055 250 1143 ferri,
274 1055 402 1144 vides,
425 1072 467 1127 ut
486 1071 575 1153 puta
595 1055 688 1143 alvi,
710 1070 746 1125 et
763 1055 976 1144 adstrictas,
996 1071 1035 1127 et
1052 1055 1135 1128 fuse.

137 1170 214 1245 Nec
225 1199 284 1244 me
299 1173 451 1270 quidem
469 1173 507 1242 id
522 1188 651 1244 movet
659 1171 765 1270 quod
779 1173 818 1243 in
835 1172 1137 1272 Sepulchreto(1)

138 1286 213 1364 hoc
230 1294 388 1363 alterum
415 1296 476 1362 vix
494 1297 641 1389 concipi
654 1307 746 1363 tunc
760 1317 874 1390 posse
898 1291 1068 1366 dieitur:
1093 1291 1136 1362 hi·

140 1411 214 1480 lem
231 1410 329 1480 enim
346 1464 355 1492 ,
375 1409 499 1506 lapide
519 1424 636 1480 totam
662 1416 824 1483 vesicam
848 1410 1064 1508 implente,
1080 1430 1137 1481 om·

144 1550 230 1599 nem
252 1526 299 1597 ab
323 1527 458 1624 hepate
480 1527 621 1624 jugiter
643 1527 690 1597 ad
714 1528 893 1599 intestina
919 1526 1139 1599 defluerem

91 1719 94 1726 ,
143 1645 292 1741 tellig0‚
314 1669 454 1743 eaque,
480 1646 509 1715 si
535 1646 658 1717 aerior
681 1642 776 1717 forte
795 1645 868 1733 sit,
889 1644 1140 1717 vehementius

142 1762 345 1834 stimulare.
359 1762 431 1832 Sed
445 1762 537 1833 illud
549 1762 728 1832 duntaxat
736 1761 879 1850 not0,si
889 1761 1014 1833 modo
1024 1785 1139 1846 unum,

141 1878 256 1950 modo
269 1880 426 1949 alterum
440 1906 450 1967 3
465 1879 506 1951 id
520 1880 623 1977 quod
639 1904 716 1951 non
727 1876 912 1968 diffiteor,
929 1902 1065 1951 verum
1080 1865 1139 1964 est,

141 2011 318 2067 neutrum
337 1997 451 2092 igit-ur
469 2013 695 2094 perpetuum
713 2050 722 2084 ‚
747 2012 785 2067 et
803 1996 1002 2094 peculiam
1019 1995 1138 2069 horum

142 2115 372 2185 calculorum
396 2115 542 2212 signum
558 2139 638 2185 esse
655 2139 774 2212 posse.

193 2231 250 2328 37.
268 2230 340 2301 Sed
360 2231 629 2303 communibus
644 2231 703 2303 his
721 2230 862 2319 missis,
877 2231 909 2301 si
926 2256 1015 2328 quae
1032 2253 1140 2330 perse

145 2349 310 2427 calculus
337 2347 458 2419 facere
488 2351 605 2446 possit
636 2372 872 2444 quaeramus‚
895 2348 949 2419 ad
973 2374 1021 2422 ea
1041 2346 1141 2421 ferme

142 2465 349 2546 redibimus
369 2491 452 2562 quae
471 2467 608 2564 scripta
627 2490 705 2537 esse
721 2491 742 2535 a
762 2463 874 2536 nobis
890 2466 933 2535 in
959 2470 977 2536 1
1002 2463 1142 2564 epistola

143 2585 350 2654 anatomica
371 2585 486 2681 paulo
511 2600 596 2654 ante
619 2584 674 2680 (a)
696 2583 1007 2657 memoravimus.
1031 2581 1145 2657 Calma

144 2701 202 2772 las
224 2728 273 2772 em
296 2727 337 2771 se
361 2707 461 2799 ipm,
490 2718 531 2773 ut
551 2704 600 2773 ait
627 2701 877 2775 Boerhaavius
900 2727 1064 2802 quoque
1079 2700 1144 2799 (3),

141 2820 233 2890 dmm
252 2824 423 2917 quiescit,
442 2819 539 2888 nihil
555 2819 649 2891 mali
653 2822 758 2910 facit
763 2874 774 2906 ,
793 2825 868 2911 misi
880 2820 1069 2918 ponderis
1079 2844 1143 2890 sen·

140 2963 244 3022 sum,
264 2937 332 3007 sed
348 2942 473 3007 irritat
486 2937 604 3023 mole,
620 2936 812 3034 pondere,
831 2943 1052 3034 asperima.
1070 2941 1141 3009 Hm

140 3076 222 3148 quae
241 3055 321 3152 ipse
336 3055 382 3124 de
395 3055 565 3127 urinario
582 3054 696 3144 dicit,
711 3055 741 3125 si
756 3052 802 3122 ad
822 3050 983 3125 felleum
1003 3048 1142 3129 transfe-

142 3192 286 3250 ramus;
307 3172 479 3242 credisne
505 3171 686 3270 ponderis
710 3195 822 3243 sensu
842 3195 881 3242 se
905 3172 1139 3269 proditurum

140 3288 206 3383 qui
226 3287 344 3358 levior
359 3291 525 3361 urinario
544 3291 590 3362 sit
619 3307 655 3360 et
674 3289 810 3360 sensim
830 3291 1048 3388 augeatur?
1078 3289 1139 3359 Diu

136 3405 251 3502 igitur.
282 3408 555 3509 expectandum
584 3409 675 3496 erit,
699 3407 791 3478 dum
820 3408 945 3503 majus
985 3408 1137 3503 denique
