2580 4514
173 362 244 457 478
343 380 391 425 na
416 376 564 461 sabinus
588 379 633 425 nr
657 376 784 425 causis
810 378 1028 429 nonroaurr

173 499 279 569 kium
303 494 379 592 (1);
407 493 488 565 baec
516 494 617 564 enim
642 517 685 565 ea
713 492 855 566 mulier
880 509 941 567 est
967 494 1016 568 de
1039 498 1155 595 quaili

173 616 286 688 tertio
313 614 397 683 loco
421 612 537 685 verba
559 608 734 700 fecimus,
756 611 846 701 ubi,
866 627 906 685 et
926 615 1081 712 quando
1100 642 1155 690 ean

172 734 404 806 senuerimus
430 728 650 802 indicantes.
676 728 854 802 Indidem
882 755 1111 831 cognoscere
1126 736 1155 807 si·

171 853 311 923 militer
324 851 467 948 poteris
483 847 531 918 de
552 844 691 959 femina
714 846 857 937 altera,
884 851 1000 949 cujus
1017 854 1157 952 protinus

171 969 247 1041 huc
274 967 532 1041 adscribeurus
557 963 753 1043 historiam
780 968 977 1065 reliquam
991 996 999 1039 :
1015 985 1070 1043 est
1086 972 1155 1043 euin

170 1089 232 1160 illa
245 1089 292 1160 de
310 1112 386 1185 qua
400 1087 525 1184 primo
541 1085 627 1157 loco
639 1082 772 1155 iisdem
790 1086 831 1155 in
849 1085 991 1159 litteris
1007 1089 1156 1193 scriptun

170 1223 234 1280 est.

220 1350 277 1423 29.
304 1323 442 1395 Mulier
461 1320 656 1418 superiore
681 1320 796 1418 paulo
820 1324 977 1413 minor,
992 1346 1106 1396 annos
1122 1340 1157 1395 ta

168 1471 256 1516 men
291 1459 378 1514 nata
406 1438 523 1514 ferme
550 1439 760 1537 sexaginta,
791 1440 926 1514 colore
961 1467 1044 1515 non
1072 1440 1157 1514 modo

167 1588 248 1635 non
263 1563 436 1649 icterico,
453 1559 519 1632 sed
533 1561 678 1656 optimo
696 1557 870 1656 praedita,
887 1559 1043 1652 bibosa,
1058 1575 1092 1635 et
1102 1584 1156 1658 sep

167 1683 237 1753 ties
259 1695 399 1779 nupta,
418 1703 497 1749 non
522 1677 596 1748 alio
617 1675 664 1746 de
687 1675 847 1763 morbo,
869 1680 948 1752 nisi
971 1679 1023 1753 de
1041 1705 1084 1753 eo
1103 1702 1156 1777 qut

168 1796 339 1871 confecta
352 1795 605 1882 est,thoracis
617 1792 920 1868 inflammatione
932 1815 1156 1896 questurum

166 1915 316 1989 anobis
332 1939 412 1986 non
432 1913 484 1985 ob
496 1911 696 2002 morbum,
715 1911 781 1985 sed
799 1928 842 1985 ut
862 1918 1017 1990 ventris
1034 1918 1158 1989 umam·

164 2061 252 2107 mur
273 2036 436 2122 viscera,
456 2047 747 2119 consecaretur,
768 2033 967 2107 nonnulla
990 2035 1033 2107 in
1048 2032 1158 2136 genitr·

164 2154 286 2238 libus,
320 2153 385 2226 sed
414 2153 532 2250 magis
557 2153 596 2221 in
622 2149 708 2223 bilis
726 2152 894 2223 vesicula
914 2153 1085 2227 ostendit
1099 2174 1157 2223 non

162 2272 320 2371 indigna
338 2296 420 2370 quae
439 2270 514 2341 huc'
530 2269 845 2342 transcribantur.
858 2275 1009 2346 Uterus
1025 2273 1158 2346 exterius

161 2392 200 2463 iu
222 2415 372 2465 summo
395 2387 515 2460 fundo
541 2386 785 2460 tuberculum
809 2386 952 2463 habuit
983 2388 1158 2492 ligura,et

161 2508 425 2608 magnitudine
448 2508 608 2580 minoris
624 2506 820 2596 avellana,
837 2530 886 2579 ex
912 2526 1029 2608 parte
1044 2507 1159 2610 proni·

160 2652 278 2717 nens,
299 2654 344 2700 ex
372 2641 478 2725 parte
503 2627 601 2697 intra
632 2628 731 2698 uteri
761 2624 1020 2701 substantiam
1045 2631 1159 2711 latens,

161 2746 353 2820 skirrhosa
366 2745 525 2834 duritie,
545 2743 673 2816 colore
688 2747 792 2817 intus
808 2761 1001 2846 extraque
1015 2747 1114 2834 albo,
1128 2766 1159 2817 et

159 2866 355 2964 particulis
373 2879 550 2937 constans
570 2863 847 2962 multiplicibus
863 2890 955 2964 quae
971 2880 1159 2940 contractu

159 2987 199 3056 in
215 3010 253 3057 se
272 2983 427 3057 cellulas
440 2981 727 3080 quodammodo
744 2980 979 3057 referebant.
992 2991 1160 3059 Intraute

158 3105 192 3173 ri
210 3118 338 3174 autem
359 3125 491 3172 cavum
517 3126 565 3171 ex
583 3100 706 3172 media
723 3099 834 3173 fundi
852 3105 1057 3177 anteriore
1078 3113 1157 3203 parte

160 3219 331 3320 quadam
344 3218 493 3292 extabat
504 3218 629 3291 mollis
642 3233 680 3290 et
692 3244 790 3316 pene
802 3219 1028 3316 gelatinosa
1041 3236 1157 3295 exoret

144 3339 291 3429 centia·
319 3338 397 3408 Etsi
420 3362 512 3408 vero
533 3352 666 3425 testes,
686 3337 784 3410 sicut
800 3352 888 3410 artas
907 3336 1080 3430 ferebat,
1095 3334 1155 3409 sui·

160 3458 240 3556 gosi
255 3470 363 3528 eraut
378 3470 416 3527 et
434 3456 677 3554 perangusti3
696 3455 821 3526 cervix
843 3470 978 3529 tamen
996 3456 1108 3542 uteri,
1128 3460 1154 3521 tl

156 3576 291 3676 ragina
305 3573 415 3646 aliter
439 3598 674 3672 apparuere,
696 3597 811 3672 quam
841 3573 882 3644 in
903 3588 1053 3675 septem
1075 3574 1152 3643 viro

95 4040 98 4045 Ι
197 3954 242 4032 lt)
261 3954 333 4012 vid.
346 3953 380 4010 in
390 3962 449 4010 act.
463 3954 501 4012 N·
516 3952 550 4010 C·
563 3961 636 4009 tom.
651 3972 669 4010 a
678 3994 688 4028 ,
700 3952 765 4013 obs·
780 3951 847 4023 167.
