2580 4514
167 390 241 439 mn.
270 391 326 438 111.
347 391 402 453 'DE
427 389 565 437 HORBIS
589 388 760 452 vnntuls,
786 389 900 437 EPIST·
922 384 1034 439 xxxlt.
1068 388 1132 467 197

121 506 189 602 qui
216 518 400 575 matronae
433 498 729 600 insuperabilem
758 499 830 572 alvi
858 501 1139 578 adstrictionem

121 620 318 693 inductam
342 620 509 691 viderea
534 618 608 690 coli
634 619 709 689 ima
726 622 936 718 praesertim
957 637 1065 720 parte
1086 624 1138 694 ita

121 737 280 810 dilatata
303 738 484 836 et-gravi‚
503 751 546 809 ut
565 751 709 808 rectum
730 761 861 811 versus
878 754 1031 836 urgeret
1055 754 1136 812 ute-

121 879 229 943 rum,
248 854 421 954 illudque
435 856 476 925 in
494 854 684 953 angustias
699 853 906 953 redigeret:
921 854 1086 953 denique
1097 871 1138 927 ut

122 973 168 1045 cl.
190 973 399 1045 Hasenestii
414 971 488 1069 (1),
522 973 588 1069 qui
603 970 785 1070 plurimas
805 969 977 1070 adiposas
995 996 1137 1071 appen-
1203 1064 1206 1069 r

123 1088 230 1161 dices
248 1089 297 1160 ad
320 1091 414 1161 recti
441 1089 560 1161 latera
586 1091 749 1161 exterius
775 1086 984 1185 pendentes
999 1104 1036 1160 et
1054 1090 1138 1188 pyri

123 1207 289 1280 minoris
326 1205 485 1306 figuram
521 1203 747 1294 referentes,
774 1231 853 1276 non
884 1205 956 1278 alvi
982 1205 1137 1304 quidem

124 1324 448 1421 abstractionem,
467 1324 611 1423 quippe
623 1322 760 1396 molles
771 1323 959 1412 attulisse,
979 1324 1045 1396 sed
1057 1325 1137 1420 ejus

124 1440 1142 1529 tamenexonerationimultumobfunseanimadvertit.-

176 1561 211 1633 6.
232 1565 299 1631 Est
307 1574 485 1658 praterea
502 1557 671 1656 ejusdem
685 1560 851 1631 intestini
869 1559 970 1631 aliud
986 1561 1142 1651 vitium,..

126 1677 175 1749 de
192 1703 274 1775 quo
294 1676 437 1748 nullam
453 1679 493 1770 in
506 1656 673 1750 sectione
691 1675 763 1749 hac
774 1678 1010 1776 Sepulchreti
1026 1677 1137 1752 video

125 1793 210 1867 fieri
244 1798 488 1868 mentionem.
516 1795 726 1893 Ruyschius
750 1797 790 1868 in
812 1795 1138 1872 observationibus

126 1914 581 2012 anatomicochirurgicis
602 1913 678 2011 (a),
699 1915 865 2012 itemque
888 1917 927 1986 in
954 1915 1141 1990 Adveisa-,

129 2033 197 2105 riis
207 2032 264 2130 (3)
280 2029 459 2104 describit
475 2032 631 2102 nomine
651 2032 851 2106 skirrhosoe
867 2039 1030 2105 intestini
1049 2041 1141 2106 recti

123 2155 428 2238 ιἰιοναιιαὶίοηίι,
443 2163 481 2247 φ
499 2154 606 2221 mirae
621 2156 904 2238 commotionis,
930 2153 1067 2224 tunicis
1083 2156 1136 2224 vi·

127 2266 284 2356 delicet,
305 2257 452 2365 pollicis
477 2267 678 2340 crassitiem
704 2266 833 2343 ferme,
853 2269 1140 2368 superantibus,

129 2401 168 2458 et
193 2385 290 2458 adeo
304 2384 510 2473 induratis,
536 2399 580 2457 ut
598 2374 901 2484 ancepshaeserit’
916 2411 1075 2478 carneae,
1090 2415 1139 2460 an

129 2503 377 2602 cartilagineae
397 2519 520 2576 essent
535 2501 719 2591 dicendae3
736 2521 970 2580 cavo.autem
990 2506 1038 2578 ad
1058 2533 1140 2579 eam

130 2621 344 2722 angustiam
360 2620 537 2710 redacto,
565 2637 606 2693 ut
626 2622 687 2691 vix
705 2637 819 2694 tenue
848 2623 1044 2721 specillum
1068 2627 1140 2696 im·

130 2741 232 2813 mitti
248 2762 526 2837 nonnunquam
552 2755 701 2839 posset,
721 2763 790 2812 nec
807 2741 880 2812 nisi
907 2742 1062 2813 summis
1077 2766 1140 2814 co·

130 2856 287 2946 natibus
300 2873 534 2930 recrementa
550 2858 717 2945 extrudi,
730 2882 848 2955 eaque
866 2872 930 2930 aut
945 2859 1142 2957 guttatim,

132 2991 200 3050 aut
224 2975 351 3048 culmo
376 2968 570 3074 gramineo
596 2978 657 3048 vix
680 2977 870 3048 crassiora.
901 2981 1009 3049 Hunc
1028 2975 1141 3052 affec-

133 3110 219 3168 tum
235 3118 326 3166 raro
341 3097 531 3182 obvenire,
547 3096 615 3183 ait,
631 3119 751 3192 eoque
760 3100 899 3194 paucis
920 3101 1139 3168 innotuisse:

132 3237 207 3286 nec
229 3235 318 3284 sane
337 3226 493 3310 apparet
519 3211 566 3284 ab
588 3236 634 3284 eo
652 3215 774 3286 visum
790 3238 869 3286 esse
885 3215 925 3285 in
947 3214 1141 3314 pluribus,

134 3353 254 3428 quam
285 3327 455 3419 duobus3
475 3344 518 3413 ut
545 3331 646 3402 inter
677 3355 720 3402 ea
737 3333 991 3404 numeraverit
1016 3357 1099 3430 quae
1122 3358 1143 3404 a

171 3700 217 3779 (1)
240 3703 406 3760 Commerc.
420 3704 511 3761 litter.
524 3707 561 3762 A.
575 3710 667 3799 mdo,
682 3701 773 3762 hebd.
790 3705 842 3778 30,
861 3725 892 3762 ιι.
908 3725 932 3762 ι.

169 3814 215 3896 (2)
236 3819 309 3875 obs.
327 3814 366 3895 95
379 3830 408 3876 et
419 3817 469 3894 96.
647 3802 650 3809 ¹

173 3933 218 4014 (3)
240 3937 313 3993 Dec.
328 3952 363 3992 a.
381 3954 408 3992 c.
426 3953 473 3993 10.
