2580 4514
170 390 233 437 mr.
262 384 320 436 ιιι.
349 383 395 435 hs
421 362 1025 448 nosrisvsnrnss,srtsr.xxx11.
1058 384 1121 462 191

134 521 187 602 per
200 482 455 600 culpaverint,
472 501 503 572 si
524 519 657 570 recens
680 512 792 570 natus
813 501 993 596 postridie
1011 521 1125 600 quam

134 635 241 693 sertus
257 634 334 704 est,
358 619 541 705 intereat,
558 630 602 687 ut
622 616 685 688 ille
707 617 817 713 cujus
840 614 915 688 duo
935 614 1126 692 fraterculi

136 738 189 836 ipsi
206 743 361 836 quoque
378 733 624 833 imperforato
641 733 775 833 podice
796 736 874 805 nati
893 734 1067 836 fuerant(
1092 738 1120 836 ).

135 859 284 931 iitenim
311 873 369 929 tot
393 857 504 941 alios,
533 854 667 926 eodem
682 857 775 927 vitio
798 852 971 947 affectos,
989 861 1123 947 vixisse

133 971 363 1075 iegiseptem,
380 975 513 1046 decem
524 1027 534 1061 ,
545 972 755 1069 „duodecim
773 975 947 1071 pluresve
959 977 1038 1048 dies
1049 1004 1059 1065 3
1072 980 1124 1050 sic

132 1095 226 1166 tham
243 1094 339 1192 legi,
358 1093 526 1190 aliquos,
556 1105 686 1164 stetere
704 1116 830 1180 sanos,
857 1092 961 1163 nulla
985 1098 1125 1191 pariter
1169 1074 1174 1082 ε

129 1213 284 1283 sectione
300 1225 469 1299 vexatos,
482 1207 651 1280 triduum
662 1230 740 1280 non
752 1232 955 1308 superasse.
972 1216 1128 1283 Verums

125 1342 242 1402 tamen
265 1330 339 1402 nisi
358 1348 428 1426 per
444 1340 648 1399 anatomen
666 1343 831 1416 constet,
851 1327 1020 1428 chirurgi
1030 1355 1126 1429 opus

122 1449 250 1521 nortis
269 1463 420 1519 oausam
440 1470 520 1516 non
547 1444 733 1535 attulisse,
755 1464 908 1517 omnem
930 1447 1126 1519 accelerati

119 1566 290 1640 interitus
315 1565 569 1663 suspicionem
587 1580 670 1634 non
688 1561 842 1662 effugiet
865 1566 896 1637 is
919 1567 1125 1663 praesertim

119 1686 181 1785 'qni
201 1703 283 1757 non
302 1682 449 1756 cunetis
472 1682 543 1754 rite
564 1685 783 1780 perpensis,
808 1707 990 1783 praeceps,
1018 1687 1124 1783 quasi

119 1802 160 1877 sti
173 1802 337 1874 minime
355 1801 630 1900 periculosum
653 1800 834 1890 auxiium,
850 1800 899 1872 ad
919 1803 1125 1875 sectionem

119 1918 391 1995 Mueurretit'
399 1917 658 2010 Quamobrem
669 1942 757 1989 oum
774 1919 833 1989 tia
849 1919 942 2008 alia,
956 1923 1126 2017 quamvis

119 2037 379 2126 Mommoda,
394 2037 483 2110 satis
501 2047 625 2134 patet,
641 2054 721 2106 non
736 2046 884 2108 constat
902 2054 1026 2109 autem
1042 2064 1124 2112 rec·

119 2168 196 2231 tim
210 2157 436 2229 intestinum
452 2144 499 2225 ad
518 2151 824 2226 interfemineum
840 2177 962 2252 usque
976 2157 1027 2227 sie
1045 2156 1126 2229 des-

119 2260 467 2363 senderemimte,
482 2286 547 2343 aut
560 2269 783 2343 membrana
801 2288 881 2341 non
901 2272 1127 2344 crassissima

119 2396 197 2492 titis
212 2391 354 2464 canaiis
372 2391 589 2490 operiatur3
606 2410 686 2461 nun
704 2402 759 2461 est
775 2389 828 2460 ibi
841 2408 910 2488 per
920 2392 1127 2462 sectionem

119 2500 366 2612 querendum
385 2507 492 2606 quod
508 2504 664 2580 fortasse
681 2508 721 2578 in
742 2524 977 2604 supremam,
1004 2528 1128 2584 exem·

119 2628 316 2730 pilosum,
333 2627 474 2726 vaginae
491 2638 639 2724 partem
653 2622 795 2695 finitur.
813 2624 908 2696 Nam
927 2627 1000 2698 nisi
1015 2642 1059 2697 eo
1071 2610 1130 2699 us·

119 2762 195 2847 qus
215 2745 411 2844 perveniet
427 2743 583 2832 inuisio,
603 2741 699 2812 nihil
717 2738 901 2829 efficitur,
930 2743 960 2813 si
979 2762 1070 2814 vero
1084 2762 1129 2814 eo

119 2880 243 2962 uque
267 2861 483 2961 perveniat,
505 2873 639 2958 praeter
660 2858 944 2956 haemorrhagiae
960 2873 1025 2930 aut
1045 2874 1131 2931 ner-

119 2996 258 3055 vorum
275 2978 515 3053 distentionis
531 2977 766 3074 periculum,
785 2975 863 3046 duo
879 2975 950 3046 alia
969 2990 1130 3066 restant,

119 3109 170 3173 ite
180 3100 254 3186 via,
269 3096 317 3170 ab
329 3110 466 3168 natura
481 3097 523 3166 'in
534 3094 708 3192 vaginam
725 3109 853 3191 aperta
863 3148 872 3183 ,
883 3092 1132 3167 nihilominus

119 3212 249 3303 &ndi
262 3234 421 3316 prorsus
434 3232 514 3285 non
529 3220 669 3315 possit,
694 3212 861 3310 itemque
888 3233 937 3284 ne
957 3212 1131 3286 aiteraah

119 3351 202 3410 aste
215 3331 419 3434 patefacta,
437 3346 596 3432 propter
613 3329 840 3429 sphincteris
855 3327 1063 3421 defectum,
1081 3334 1136 3404 in·

119 3452 371 3537 commodum
384 3475 465 3523 non
484 3451 612 3536 tollat,
629 3449 694 3520 sed
714 3446 890 3546 duplicet.

171 3579 206 3664 4.
228 3570 342 3672 Quod
363 3569 551 3673 sinullus
577 3566 736 3638 omnino
767 3564 888 3638 exitus
916 3582 1041 3664 pateat
1064 3569 1136 3639 alvi
1247 3646 1250 3654 ¹

999 3787 1130 3802 nau—nu·—

164 3947 208 4028 (1)
229 3949 309 4025 sps.
326 3945 378 4003 cit.
392 3947 456 4032 deo.
470 3948 503 4043 3.)
520 3947 557 4002 A.
577 3943 635 4002 5et
648 3945 681 4014 6,
696 3945 760 4001 obs.
777 3943 845 4001 ess.
