2580 4514
183 353 249 444 174
344 371 390 414 ne
417 367 562 414 serires
588 369 631 413 rr
657 368 780 414 esus1s
806 369 1018 419 moerores!
1080 380 1083 384 ’

177 488 421 555 mesenterieis
451 481 599 573 efi‘andi
623 466 865 579 potestr'nisi
893 482 973 556 haec
1002 489 1173 561 continuo

177 603 351 689 adderet,
371 625 531 698 qaorum
546 600 675 670 oscula
695 600 859 671 dilatata
877 618 992 673 sunt:
1012 603 1171 677 dubitare

178 722 312 818 aliquis
335 734 479 816 posset,
501 721 565 814 qui
586 718 799 791 Ortlobium
816 719 869 815 (1)
890 719 1064 817 legisset,
1082 747 1171 795 eons-

176 839 284 908 tricta
307 826 457 908 vinculo
478 838 516 904 in
530 836 623 906 vivis
642 836 798 908 canibus
819 837 879 907 illa
897 860 1018 925 vena,
1035 845 1170 937 sangui·

176 981 258 1025 nem
270 956 324 1025 ad
340 961 510 1025 intestina
523 961 705 1024 sinceram
712 979 979 1053 prorumpere,
992 983 1170 1055 autequam

176 1099 213 1145 se
232 1075 429 1144 observare
440 1079 627 1171 potuisse,
642 1079 809 1168 quamvis
827 1086 907 1142 tota
924 1078 1169 1149 intestinorum

173 1198 300 1263 tunica
322 1198 491 1261 coccineo
514 1195 624 1287 qaasi
649 1190 774 1260 colore
801 1192 1041 1262 imbueretur.
1067 1195 1169 1266 Nimi-

171 1333 256 1379 rum
277 1311 316 1379 in
347 1310 445 1378 sanis
472 1310 515 1378 iis
548 1306 705 1378 canibus
740 1332 916 1378 vasorum
944 1310 1079 1381 oscula
1104 1334 1168 1380 nan
1200 1394 1202 1403 Ι

173 1442 280 1498 erant
298 1426 458 1496 dilatata.
490 1431 603 1496 Erant
627 1440 752 1496 autem
776 1426 836 1495 vei
859 1427 1023 1498 maxime
1041 1427 1093 1499 ob
1111 1429 1168 1499 eir·

172 1545 442 1639 cumjeetarum
461 1542 642 1614 fibrarum
656 1544 844 1614 laxitatem
856 1546 896 1612 in
909 1546 1071 1618 Comitis
1082 1545 1167 1617 illius

173 1660 218 1730 de
231 1686 308 1757 quo
322 1660 461 1731 ibidem
475 1661 644 1757 loquitur
654 1660 867 1748 Ortlobius‚
879 1667 1063 1734 intestinis
1072 1663 1167 1762 spite·

170 1778 313 1866 celatis3
344 1781 382 1847 in
413 1779 470 1850 his
499 1781 599 1850 enirn
628 1805 745 1850 venas
766 1784 994 1850 mesaraicas
1028 1783 1167 1878 aretae

170 1905 324 1994 apertis,
344 1904 523 1994 sanguine
543 1903 799 1993 grarrrefacw,
819 1902 930 1994 quasi
951 1922 1041 1969 cere
1067 1902 1167 1991 refer·

171 2020 232 2100 tis,
268 2013 399 2109 litasse,
418 2015 519 2084 vidit.
557 2020 640 2085 Haec
676 2032 800 2086 autem
837 2016 941 2111 attigi
975 2031 1165 2114 propterea

169 2131 272 2228 quod
291 2131 499 2229 aliquando
517 2134 554 2201 in
579 2133 788 2229 dysenteria
811 2156 905 2203 vera
927 2132 1164 2229 inflammatae

167 2248 291 2335 adest,
317 2265 353 2319 et
361 2254 521 2340 saresta
541 2274 749 2346 gangroena
775 2255 960 2346 sequitur,
992 2263 1037 2321 ut
1063 2250 1163 2351 paule

166 2382 252 2463 post
270 2368 331 2437 ilia
352 2394 431 2465 qrite
447 2368 822 2464 retulimus‚scripsit
840 2366 1093 2451 Boerhaavius
1105 2370 1162 2466 (a).

164 2489 208 2555 Et
237 2509 323 2555 sane
361 2511 446 2556 vera
478 2489 667 2583 scripsisse
698 2485 904 2558 ostendunt
935 2487 974 2554 in
1008 2488 1162 2559 sectione

164 2602 233 2673 hae
243 2604 476 2702 Sepulchreti
486 2608 536 2672 XI
551 2603 802 2701 complurium
817 2602 1156 2702 observationestt)

162 2721 338 2792 Valsalvae
374 2739 498 2792 autem
527 2737 787 2818 preteream,
813 2745 895 2817 quae
927 2719 1162 2820 superiusffi)

162 2840 269 2910 allata
288 2855 361 2924 est,
379 2839 458 2909 haec
474 2864 628 2936 quoque
644 2839 758 2909 altera
778 2835 986 2907 coufirmat.

213 2956 267 3027 25.
297 2957 433 3027 Mulier
465 2982 509 3024 ex
544 2957 755 3052 dysenteria
784 2957 968 3050 moritur..
988 2958 1162 3039 Intestina

161 3057 402 3170 reperiuntur
418 3071 656 3144 inflammata.
671 3074 765 3142 Huic
777 3072 926 3142 mulieri
938 3092 1006 3141 ren
1022 3074 1161 3145 sinister

161 3193 318 3261 omnino
343 3192 490 3276 deerat;
511 3192 853 3288 supplebatautem
873 3189 1023 3277 dexter,
1049 3190 1159 3289 duple

95 3306 97 3311 ’
160 3335 272 3406 quam
295 3307 503 3378 seeundum
531 3325 702 3380 naturam
723 3309 864 3402 major,
885 3307 1031 3403 dupliei
1050 3308 1157 3407 pelvi,
