2580 4514
158 364 227 437 218
320 390 366 435 nn
393 389 537 435 seorsus
562 391 606 435 nr
632 390 755 437 causis
780 391 988 439 nounouun

144 518 328 581 'anatome
348 503 446 573 enim
465 503 558 591 scio,
587 504 753 574 intestini
777 510 922 600 partem
949 530 1031 602 quae
1054 522 1159 578 extra

157 621 331 719 podicem
355 635 492 690 restare
516 621 632 717 possit
651 620 700 691 ob
718 619 817 692 hanc
837 636 984 693 tantum
1008 644 1158 695 causata

158 738 262 835 quod
289 738 334 808 ab
359 739 401 808 iis
424 738 602 809 musculis
626 762 705 808 non
731 738 940 828 relevetur,
967 764 1048 812 esse
1071 738 1168 811 infiae

155 880 254 925 mam
270 871 305 926 et
319 880 527 952 paucorum
546 855 772 952 digitorum
791 880 870 926 non
887 880 969 927 eam
996 881 1076 953 quae
1093 882 1159 929 sur

128 983 130 989 ’
156 998 224 1071 pra
244 973 341 1043 hanc
363 992 436 1061 est,
454 989 489 1044 et
511 988 597 1043 octo
617 989 680 1043 aut
700 973 829 1045 decem
850 974 1001 1045 circiter
1025 974 1149 1072 digitos

155 1091 282 1190 longa,
298 1093 374 1162 imo
387 1091 571 1162 sexdecim
588 1107 651 1162 aut
665 1093 814 1187 viginti,
838 1092 867 1161 si
886 1090 1092 1189 duplicata,
1111 1106 1148 1163 ut

156 1222 210 1279 est
228 1233 265 1281 se
279 1225 487 1279 extrorsum
506 1210 751 1295 invertend0‚
768 1223 969 1304 spectetur.

206 1332 239 1412 Δ.
258 1326 356 1396 Alias
370 1328 484 1422 igitur
501 1350 628 1397 causas
647 1326 709 1395 liic
727 1328 891 1422 cogitare
914 1350 1071 1399 necesse
1086 1341 1144 1413 est,

154 1443 334 1541 illamque
348 1446 446 1514 inter
461 1460 610 1515 caeteras
623 1471 705 1540 quae
719 1444 766 1514 ab
780 1444 893 1515 docto
905 1445 1059 1522 medico
1069 1470 1142 1516 con·

156 1562 301 1633 sulente
321 1563 536 1660 attingitur,
554 1563 592 1633 id
610 1579 665 1634 est
685 1564 850 1634 intestini
863 1563 1142 1636 divulsionem

154 1679 367 1767 mes00010,
384 1694 447 1750 aut
459 1682 569 1750 aliam
584 1680 748 1777 aliquam
762 1706 910 1752 causam
925 1706 1011 1778 quae
1028 1681 1142 1753 eodem

154 1797 303 1885 redeat,
322 1812 358 1868 et
374 1794 518 1868 facilior
534 1798 599 1885 sit,
617 1814 659 1868 ut
675 1814 766 1896 puta
784 1798 1057 1870 relaxationem
1077 1822 1142 1870 sen·

154 1917 223 1986 sim
245 1912 400 2003 factam,
425 1915 562 1985 ultimae
591 1917 671 2010 ejus
700 1916 881 1986 mesocoli
911 1918 1049 2012 partis,
1078 1939 1141 2013 quc

152 2032 295 2102 vinculi
317 2026 402 2103 loco
428 2049 483 2104 est
502 2048 582 2103 tum
603 2047 727 2119 rectu,
744 2048 825 2104 tum
842 2035 1020 2129 proximo
1044 2033 1093 2105 issi
1112 2031 1155 2104 iu·

154 2176 268 2247 quem
287 2150 361 2220 hoc
389 2150 543 2237 desinit,
559 2149 725 2222 flexuoso
742 2165 780 2221 et.
796 2149 927 2220 mobili
955 2152 1092 2224 tractui
1104 2151 1142 2221 iu·

152 2269 279 2341 testini
292 2269 375 2338 coli.
394 2271 479 2338 Non
505 2294 564 2339 me
591 2266 686 2366 fugit
711 2268 978 2341 recentissimis
1003 2266 1142 2366 quihus-

153 2385 238 2461 dam
263 2385 454 2457 medicinae
483 2386 666 2482 magistris
691 2384 891 2457 verisimile
916 2411 997 2457 non
1022 2384 1141 2468 videri,

154 2519 274 2574 totum
294 2505 461 2576 intestini
479 2529 618 2601 corpus
633 2504 806 2601 prodire,
822 2504 1082 2600 spectantibus
1090 2502 1143 2573 hu·
1184 2566 1187 2615 t

148 2623 211 2718 jus
232 2622 468 2694 vinculorum
486 2621 759 2692 firmitudinem
778 2636 1001 2717 arctumque
1023 2640 1144 2694 nexum

152 2765 238 2811 cum
254 2742 350 2811 uteri
370 2742 503 2837 vagina
519 2741 557 2809 in
576 2737 743 2828 feminis,
772 2764 858 2811 cum
883 2740 1017 2811 vesicae
1036 2755 1144 2810 autem

153 2859 251 2929 collo
282 2874 318 2929 et
342 2859 473 2928 vicinis
498 2857 669 2955 partibus
686 2859 725 2929 in
741 2859 851 2946 viris,
872 2871 909 2930 et
930 2855 1145 2929 observatio

152 3001 240 3047 nem
256 2992 453 3074 praeterea,
473 3001 585 3072 quam
606 3002 651 3047 ex
672 2975 921 3072 Cowpero(1)
938 2973 1147 3072 proferunt,

153 3092 339 3181 hominis,
366 3096 433 3189 qui
460 3109 545 3192 post
570 3094 793 3164 diuturnum
821 3093 883 3162 ani
914 3093 1147 3192 prolapsum,

83 3285 86 3292 ,
152 3211 343 3308 hujusque
364 3210 517 3281 tandem
536 3237 582 3281 ex
605 3212 719 3281 nimia
740 3211 1032 3308 intemperantia
1051 3209 1147 3308 spha-

154 3329 301 3417 celum,
320 3353 405 3399 cum
430 3328 751 3426 propendendum
776 3344 1048 3426 corruptarum
1073 3350 1146 3426 par-

151 3451 246 3518 tium
278 3448 583 3543 exstirpationem
622 3446 886 3534 sustinuisset,
924 3473 1007 3519 non
1045 3443 1145 3519 modo

151 3565 348 3663 pristinam
365 3567 601 3666 recuperavit
615 3565 890 3661 valetudinem,
906 3564 975 3639 sed
989 3567 1098 3643 etiam
1108 3558 1145 3633 ab

191 3937 235 4015 (ι)
255 3939 342 3993 Anat.
359 3937 394 3994 ol
403 3939 485 3994 hum.
500 3936 576 4010 601,
596 3949 616 3995 t.
632 3939 685 4015 39,
699 3939 721 3996 f.
736 3959 763 4010 7.
