2580 4514
161 427 226 476 nm.
248 433 304 478 111.
332 431 381 477 nn
399 428 535 477 nonnis
556 429 709 476 vaurms
722 459 731 492 ,
745 429 868 476 xrunsr.
894 432 1015 477 xxx1v.
1046 409 1115 480 313

128 547 236 634 venis,
256 548 294 616 in
312 544 500 616 abdomen
517 543 654 614 cadens
671 545 722 614 sic
743 559 784 613 ut
802 544 903 615 intus
922 563 1032 642 rupta
1054 572 1115 616 ve-

137 664 195 735 sica
214 662 408 758 effusoque
430 663 521 733 lotio
554 664 592 732 in
619 664 760 732 ventris
788 686 941 748 cavum,
967 663 1118 734 insolita

142 781 317 852 acrimonia
345 781 510 852 lacessita
540 781 739 865 intestina,
764 779 867 876 quod
898 804 1029 850 eorum
1058 782 1118 851 in-

146 895 318 972 flammatio
339 916 375 972 et
394 899 491 971 hanc
504 913 706 969 consecuta
720 922 917 996 gangraena
939 898 1117 989 ostendit,

146 1037 229 1086 suum
245 1018 513 1116 peristalticum
530 1019 764 1087 inverterunt
775 1031 941 1104 motum,
956 1031 1019 1086 ant
1031 1041 1115 1086 cnm

146 1155 179 1200 ex
192 1135 287 1205 simili
299 1138 428 1207 matris
448 1159 535 1206 casu
553 1150 752 1206 contusum
766 1132 876 1204 foetus
887 1135 964 1229 jam
981 1137 1118 1208 maturi

144 1247 303 1325 abdomen
316 1256 356 1324 in
372 1279 483 1326 causa
501 1252 589 1342 fuit,
608 1268 650 1323 ut
668 1252 873 1324 subsistens
885 1267 1118 1348 putrescens·

132 1387 200 1458 ¹que
214 1369 249 1439 in
273 1372 370 1442 vasis
397 1371 662 1442 intestinorum
688 1370 836 1464 sanguis
862 1388 970 1464 pares
995 1369 1034 1437 in
1061 1367 1119 1438 his

143 1477 284 1575 effectus,
299 1489 483 1559 irritando
496 1487 702 1574 induxerit,
723 1483 864 1556 infante
882 1484 977 1555 nihil
994 1485 1118 1554 omni-

143 1619 182 1667 110
200 1625 258 1696 per
280 1605 425 1694 alvum,
450 1605 578 1675 omnia
602 1620 742 1690 autem,
766 1605 965 1700 ipsumque
994 1626 1119 1674 meco·
1155 1681 1157 1685 Α

144 1713 224 1789 nium
239 1747 305 1818 per
323 1746 365 1794 os
384 1721 583 1808 reddente,
604 1723 813 1817 misereque
831 1723 927 1790 intra
944 1734 1119 1791 octavum

143 1827 267 1908 abortu
285 1838 384 1909 diem
402 1839 577 1910 obeunte.
601 1837 713 1928 Quod
726 1840 760 1910 si
780 1837 1043 1909 convulsiones
1057 1838 1119 1908 sti·

143 1952 241 2027 nulus
256 1958 365 2044 cieat,
382 1957 473 2054 quid
492 1982 541 2027 cae
562 1958 720 2053 possint,
738 1981 817 2025 non
831 1955 954 2027 solum
968 1981 1117 2052 suscep-

141 2065 254 2162 tiones,
269 2090 311 2144 ut
326 2073 506 2172 supra-(1)
518 2074 679 2144 diximus
693 2074 942 2170 producendo
955 2129 964 2159 ‚
985 2099 1118 2145 verum

137 2199 163 2256 ct
185 2193 259 2262 sine
289 2190 369 2278 his,
402 2193 677 2264 intestinorum·
700 2207 846 2263 motum
872 2191 1120 2277 invertend0‚

131 2308 381 2393 monstrabunt
400 2311 655 2407 experimenta
673 2311 861 2405 Brunneri
881 2308 952 2405 (2);
972 2312 1120 2414 nepotis

127 2424 219 2516 dico,
245 2451 315 2498 avo
341 2428 466 2525 digni3
492 2453 560 2525 per
586 2452 668 2523 quae
688 2443 862 2526 apparet,
891 2430 1057 2499 excitatis
1081 2429 1119 2497 in

119 2543 318 2619 bestiarum
329 2546 518 2617 intestinis
534 2544 862 2632 convulsionibus,
887 2561 1123 2616 recrementa

119 2689 194 2762 quae
207 2665 286 2760 jam
304 2688 373 2761 per
397 2665 523 2734 alvum
547 2664 647 2735 exire
666 2689 743 2733 non
761 2677 955 2760 poterant,
972 2665 1011 2731 in
1030 2687 1122 2732 ven-

119 2781 290 2852 triculum
314 2797 351 2852 et
375 2781 499 2880 gulam
527 2780 749 2852 ascendisse.
784 2779 964 2850 Morbum
995 2794 1121 2849 autem

119 2900 285 2997 proxime
310 2898 358 2970 ad
387 2899 581 2969 volvulum
599 2899 853 2969 accedentem
881 2896 930 2967 ob
953 2898 1119 2967 tormina

119 3017 445 3090 vehementissima
462 3031 499 3087 et
515 3016 741 3087 continuum
766 3016 976 3100 vomitum,
1001 3029 1037 3084 et
1064 3015 1121 3083 in·

119 3136 250 3208 testina
268 3159 389 3206 crassa
402 3149 539 3232 praeter
559 3135 711 3206 solitum
732 3147 937 3221 coarctata,
960 3156 1047 3203 cum
1069 3148 1121 3205 te-

119 3254 202 3324 nuia
218 3251 328 3322 valde
348 3267 472 3322 essent
491 3251 640 3348 turgida
666 3266 703 3321 et
721 3250 895 3322 rubentia
907 3275 918 3340 ‚·
932 3266 969 3320 et
985 3251 1123 3348 insigni

119 3372 222 3469 copia
237 3370 429 3467 sanguinis
449 3365 558 3439 effusi
569 3367 752 3465 fluidique
773 3365 928 3455 referta,
944 3393 1023 3439 non
1042 3370 1121 3440 sine

119 3488 284 3587 spasticis
313 3484 636 3557 contractionibus
664 3486 863 3584 explicavit
901 3486 944 3555 cl.
979 3485 1122 3557 Kulbe·
1152 3504 1154 3509 '

155 3870 199 3946 (ι)
219 3874 257 3928 Ν.
270 3873 316 3928 32.

157 3969 200 4048 (a)
219 3963 366 4047 Experim.
381 3971 460 4028 circa
472 3972 553 4049 ligat.
567 3992 649 4031 nerv.
666 3976 681 4042 §
700 3973 747 4028 31.
818 4008 821 4013 ·
