<?xml version="1.0" encoding="UTF-8"?>
<!DOCTYPE html PUBLIC "-//W3C//DTD XHTML 1.0 Transitional//EN"
    "http://www.w3.org/TR/xhtml1/DTD/xhtml1-transitional.dtd">
<html xmlns="http://www.w3.org/1999/xhtml" xml:lang="en" lang="en">
 <head>
  <title>
</title>
<meta http-equiv="Content-Type" content="text/html;charset=utf-8" />
  <meta name='ocr-system' content='tesseract 3.04.00' />
  <meta name='ocr-capabilities' content='ocr_page ocr_carea ocr_par ocr_line ocrx_word'/>
</head>
<body>
  <div class='ocr_page' id='page_1' title='image "./desedibusetcaus00adelgoog_0577.png"; bbox 0 0 2580 4514; ppageno 0'>
   <div class='ocr_carea' id='block_1_1' title="bbox 141 343 983 430">
    <p class='ocr_par' dir='ltr' id='par_1_1' title="bbox 141 343 983 430">
     <span class='ocr_line' id='line_1_1' title="bbox 141 343 983 430; baseline -0.002 -14"><span class='ocrx_word' id='word_1_1' title='bbox 141 343 211 430; x_wconf 74' lang='lat'>584</span> <span class='ocrx_word' id='word_1_2' title='bbox 304 367 351 413; x_wconf 78' lang='lat' dir='ltr'>nn</span> <span class='ocrx_word' id='word_1_3' title='bbox 377 365 520 412; x_wconf 71' lang='lat' dir='ltr'>sturnus</span> <span class='ocrx_word' id='word_1_4' title='bbox 545 368 588 413; x_wconf 79' lang='lat' dir='ltr'>m</span> <span class='ocrx_word' id='word_1_5' title='bbox 614 364 738 414; x_wconf 75' lang='lat' dir='ltr'>cauus</span> <span class='ocrx_word' id='word_1_6' title='bbox 765 365 983 414; x_wconf 80' lang='lat' dir='ltr'>uoaaoauu</span> 
     </span>
    </p>
   </div>
   <div class='ocr_carea' id='block_1_2' title="bbox 28 477 1188 3603">
    <p class='ocr_par' dir='ltr' id='par_1_2' title="bbox 137 477 1129 688">
     <span class='ocr_line' id='line_1_2' title="bbox 137 477 1128 576; baseline -0.001 -24"><span class='ocrx_word' id='word_1_7' title='bbox 137 484 205 552; x_wconf 89' lang='lat' dir='ltr'>tim</span> <span class='ocrx_word' id='word_1_8' title='bbox 224 477 289 551; x_wconf 92' lang='lat' dir='ltr'>ubi</span> <span class='ocrx_word' id='word_1_9' title='bbox 309 480 591 568; x_wconf 82' lang='lat' dir='ltr'><strong>inveteraverit,</strong></span> <span class='ocrx_word' id='word_1_10' title='bbox 610 503 764 552; x_wconf 88' lang='lat' dir='ltr'>sensum</span> <span class='ocrx_word' id='word_1_11' title='bbox 788 479 980 576; x_wconf 87' lang='lat' dir='ltr'>ponderis</span> <span class='ocrx_word' id='word_1_12' title='bbox 997 505 1070 552; x_wconf 91' lang='lat' dir='ltr'>non</span> <span class='ocrx_word' id='word_1_13' title='bbox 1083 506 1128 552; x_wconf 83' lang='lat' dir='ltr'>ex·</span> 
     </span>
     <span class='ocr_line' id='line_1_3' title="bbox 139 596 1129 688; baseline 0 -20"><span class='ocrx_word' id='word_1_14' title='bbox 139 597 273 669; x_wconf 89' lang='lat' dir='ltr'>cludat.</span> <span class='ocrx_word' id='word_1_15' title='bbox 291 596 402 688; x_wconf 86' lang='lat' dir='ltr'>Quod</span> <span class='ocrx_word' id='word_1_16' title='bbox 426 620 516 666; x_wconf 89' lang='lat' dir='ltr'>vero</span> <span class='ocrx_word' id='word_1_17' title='bbox 539 596 585 666; x_wconf 88' lang='lat' dir='ltr'>ad</span> <span class='ocrx_word' id='word_1_18' title='bbox 614 597 852 668; x_wconf 87' lang='lat' dir='ltr'>curationem</span> <span class='ocrx_word' id='word_1_19' title='bbox 883 600 1039 688; x_wconf 83' lang='lat' dir='ltr'>attinet,</span> <span class='ocrx_word' id='word_1_20' title='bbox 1065 622 1129 669; x_wconf 86' lang='lat' dir='ltr'>eun</span> 
     </span>
    </p>

    <p class='ocr_par' dir='ltr' id='par_1_3' title="bbox 28 711 1188 3603">
     <span class='ocr_line' id='line_1_4' title="bbox 28 711 1132 811; baseline 0.003 -29"><span class='ocrx_word' id='word_1_21' title='bbox 28 714 32 723; x_wconf 79' lang='grc'><em>“</em></span> <span class='ocrx_word' id='word_1_22' title='bbox 137 714 417 811; x_wconf 86' lang='lat' dir='ltr'>tympaniticam</span> <span class='ocrx_word' id='word_1_23' title='bbox 431 712 641 784; x_wconf 88' lang='lat' dir='ltr'>abdominis</span> <span class='ocrx_word' id='word_1_24' title='bbox 653 711 896 786; x_wconf 86' lang='lat' dir='ltr'>inflationem</span> <span class='ocrx_word' id='word_1_25' title='bbox 909 730 1002 786; x_wconf 89' lang='lat' dir='ltr'>octo</span> <span class='ocrx_word' id='word_1_26' title='bbox 1009 716 1080 811; x_wconf 86' lang='lat' dir='ltr'>jam</span> <span class='ocrx_word' id='word_1_27' title='bbox 1089 741 1132 786; x_wconf 84' lang='lat' dir='ltr'>an·</span> 
     </span>
     <span class='ocr_line' id='line_1_5' title="bbox 136 829 1188 930; baseline 0.004 -29"><span class='ocrx_word' id='word_1_28' title='bbox 136 855 207 901; x_wconf 90' lang='lat' dir='ltr'>uos</span> <span class='ocrx_word' id='word_1_29' title='bbox 223 845 470 927; x_wconf 84' lang='lat' dir='ltr'>perstantem,</span> <span class='ocrx_word' id='word_1_30' title='bbox 484 830 586 927; x_wconf 85' lang='lat' dir='ltr'>larga</span> <span class='ocrx_word' id='word_1_31' title='bbox 601 829 781 902; x_wconf 83' lang='lat' dir='ltr'>duntaxat</span> <span class='ocrx_word' id='word_1_32' title='bbox 799 832 1007 928; x_wconf 81' lang='lat' dir='ltr'>sanguinis</span> <span class='ocrx_word' id='word_1_33' title='bbox 1023 857 1043 903; x_wconf 92' lang='lat' dir='ltr'>e</span> <span class='ocrx_word' id='word_1_34' title='bbox 1060 831 1133 930; x_wconf 84' lang='lat' dir='ltr'>pede</span> <span class='ocrx_word' id='word_1_35' title='bbox 1186 886 1188 897; x_wconf 86' lang='lat'><em>.</em></span> 
     </span>
     <span class='ocr_line' id='line_1_6' title="bbox 138 945 1135 1045; baseline -0.001 -25"><span class='ocrx_word' id='word_1_36' title='bbox 138 949 316 1020; x_wconf 85' lang='lat' dir='ltr'>missione</span> <span class='ocrx_word' id='word_1_37' title='bbox 328 945 509 1018; x_wconf 88' lang='lat' dir='ltr'>sublatam</span> <span class='ocrx_word' id='word_1_38' title='bbox 521 948 621 1045; x_wconf 86' lang='lat' dir='ltr'>leges</span> <span class='ocrx_word' id='word_1_39' title='bbox 636 972 656 1018; x_wconf 90' lang='lat' dir='ltr'>a</span> <span class='ocrx_word' id='word_1_40' title='bbox 670 947 713 1018; x_wconf 89' lang='lat' dir='ltr'>cl.</span> <span class='ocrx_word' id='word_1_41' title='bbox 728 947 956 1021; x_wconf 87' lang='lat' dir='ltr'>Christiano</span> <span class='ocrx_word' id='word_1_42' title='bbox 975 949 1135 1022; x_wconf 84' lang='lat' dir='ltr'>Michaele</span> 
     </span>
     <span class='ocr_line' id='line_1_7' title="bbox 139 1062 1138 1163; baseline 0 -27"><span class='ocrx_word' id='word_1_43' title='bbox 139 1063 399 1163; x_wconf 64' lang='lat' dir='ltr'>Adolpbolr),</span> <span class='ocrx_word' id='word_1_44' title='bbox 414 1062 571 1152; x_wconf 84' lang='lat' dir='ltr'>fatente,</span> <span class='ocrx_word' id='word_1_45' title='bbox 589 1066 776 1160; x_wconf 70' lang='lat' dir='ltr'>aflectibus</span> <span class='ocrx_word' id='word_1_46' title='bbox 796 1090 879 1136; x_wconf 86' lang='lat' dir='ltr'>non</span> <span class='ocrx_word' id='word_1_47' title='bbox 891 1069 1044 1158; x_wconf 77' lang='lat' dir='ltr'>ficisse;</span> <span class='ocrx_word' id='word_1_48' title='bbox 1061 1064 1138 1138; x_wconf 88' lang='lat' dir='ltr'>unde</span> 
     </span>
     <span class='ocr_line' id='line_1_8' title="bbox 138 1179 1138 1282; baseline 0.003 -31"><span class='ocrx_word' id='word_1_49' title='bbox 138 1183 252 1280; x_wconf 85' lang='lat' dir='ltr'>igitur</span> <span class='ocrx_word' id='word_1_50' title='bbox 270 1179 397 1268; x_wconf 83' lang='lat' dir='ltr'>fuerit,</span> <span class='ocrx_word' id='word_1_51' title='bbox 421 1179 611 1278; x_wconf 83' lang='lat' dir='ltr'>cogitabis.</span> <span class='ocrx_word' id='word_1_52' title='bbox 637 1181 890 1254; x_wconf 89' lang='lat' dir='ltr'>Flatulentam</span> <span class='ocrx_word' id='word_1_53' title='bbox 916 1198 1049 1255; x_wconf 89' lang='lat' dir='ltr'>autem</span> <span class='ocrx_word' id='word_1_54' title='bbox 1071 1200 1138 1282; x_wconf 79' lang='lat' dir='ltr'>tym-</span> 
     </span>
     <span class='ocr_line' id='line_1_9' title="bbox 139 1297 1138 1397; baseline 0.004 -29"><span class='ocrx_word' id='word_1_55' title='bbox 139 1300 275 1396; x_wconf 90' lang='lat' dir='ltr'>panitis</span> <span class='ocrx_word' id='word_1_56' title='bbox 295 1300 472 1389; x_wconf 83' lang='lat' dir='ltr'>utramvis</span> <span class='ocrx_word' id='word_1_57' title='bbox 496 1300 657 1396; x_wconf 87' lang='lat' dir='ltr'>speciem</span> <span class='ocrx_word' id='word_1_58' title='bbox 678 1322 793 1397; x_wconf 90' lang='lat' dir='ltr'>quam</span> <span class='ocrx_word' id='word_1_59' title='bbox 824 1301 876 1371; x_wconf 92' lang='lat' dir='ltr'>sit</span> <span class='ocrx_word' id='word_1_60' title='bbox 906 1297 1069 1372; x_wconf 88' lang='lat' dir='ltr'>difficile</span> <span class='ocrx_word' id='word_1_61' title='bbox 1093 1324 1138 1372; x_wconf 87' lang='lat' dir='ltr'>en·</span> 
     </span>
     <span class='ocr_line' id='line_1_10' title="bbox 140 1414 1139 1516; baseline 0.001 -30"><span class='ocrx_word' id='word_1_62' title='bbox 140 1440 241 1504; x_wconf 86' lang='lat' dir='ltr'>rare,</span> <span class='ocrx_word' id='word_1_63' title='bbox 259 1417 313 1486; x_wconf 90' lang='lat' dir='ltr'>nil</span> <span class='ocrx_word' id='word_1_64' title='bbox 329 1418 445 1513; x_wconf 84' lang='lat' dir='ltr'>magis</span> <span class='ocrx_word' id='word_1_65' title='bbox 467 1414 650 1502; x_wconf 86' lang='lat' dir='ltr'>ostendit,</span> <span class='ocrx_word' id='word_1_66' title='bbox 670 1441 784 1514; x_wconf 92' lang='lat' dir='ltr'>quam</span> <span class='ocrx_word' id='word_1_67' title='bbox 812 1418 1040 1490; x_wconf 88' lang='lat' dir='ltr'>remedium</span> <span class='ocrx_word' id='word_1_68' title='bbox 1061 1416 1139 1516; x_wconf 86' lang='lat' dir='ltr'>quod</span> 
     </span>
     <span class='ocr_line' id='line_1_11' title="bbox 142 1534 1140 1634; baseline 0.005 -32"><span class='ocrx_word' id='word_1_69' title='bbox 142 1534 309 1631; x_wconf 69' lang='lat' dir='ltr'>praeclari</span> <span class='ocrx_word' id='word_1_70' title='bbox 330 1535 400 1603; x_wconf 86' lang='lat' dir='ltr'>viri</span> <span class='ocrx_word' id='word_1_71' title='bbox 425 1535 543 1604; x_wconf 89' lang='lat' dir='ltr'>coacti</span> <span class='ocrx_word' id='word_1_72' title='bbox 569 1549 656 1605; x_wconf 92' lang='lat' dir='ltr'>sunt</span> <span class='ocrx_word' id='word_1_73' title='bbox 675 1536 916 1632; x_wconf 84' lang='lat' dir='ltr'>excogitare,</span> <span class='ocrx_word' id='word_1_74' title='bbox 938 1550 1140 1634; x_wconf 75' lang='lat' dir='ltr'>paracente</span> 
     </span>
     <span class='ocr_line' id='line_1_12' title="bbox 144 1650 1142 1752; baseline 0.001 -31"><span class='ocrx_word' id='word_1_75' title='bbox 144 1653 226 1722; x_wconf 84' lang='lat' dir='ltr'>sim.</span> <span class='ocrx_word' id='word_1_76' title='bbox 246 1650 317 1720; x_wconf 92' lang='lat' dir='ltr'>Sed</span> <span class='ocrx_word' id='word_1_77' title='bbox 335 1652 418 1747; x_wconf 88' lang='lat' dir='ltr'>quis</span> <span class='ocrx_word' id='word_1_78' title='bbox 432 1676 539 1722; x_wconf 89' lang='lat' dir='ltr'>acum</span> <span class='ocrx_word' id='word_1_79' title='bbox 559 1651 648 1721; x_wconf 89' lang='lat' dir='ltr'>illue</span> <span class='ocrx_word' id='word_1_80' title='bbox 672 1653 878 1724; x_wconf 86' lang='lat' dir='ltr'>immittere</span> <span class='ocrx_word' id='word_1_81' title='bbox 897 1653 1142 1752; x_wconf 86' lang='lat' dir='ltr'>volueritque</span> 
     </span>
     <span class='ocr_line' id='line_1_13' title="bbox 145 1765 1143 1866; baseline 0.003 -29"><span class='ocrx_word' id='word_1_82' title='bbox 145 1792 225 1837; x_wconf 91' lang='lat' dir='ltr'>nou</span> <span class='ocrx_word' id='word_1_83' title='bbox 243 1765 411 1838; x_wconf 80' lang='lat' dir='ltr'>videret?</span> <span class='ocrx_word' id='word_1_84' title='bbox 428 1771 547 1839; x_wconf 88' lang='lat' dir='ltr'>Nemo</span> <span class='ocrx_word' id='word_1_85' title='bbox 563 1767 706 1856; x_wconf 86' lang='lat' dir='ltr'>adhue,</span> <span class='ocrx_word' id='word_1_86' title='bbox 722 1769 826 1866; x_wconf 91' lang='lat' dir='ltr'>quod</span> <span class='ocrx_word' id='word_1_87' title='bbox 846 1771 995 1856; x_wconf 89' lang='lat' dir='ltr'>sciam,</span> <span class='ocrx_word' id='word_1_88' title='bbox 1015 1797 1060 1844; x_wconf 87' lang='lat' dir='ltr'>ex</span> <span class='ocrx_word' id='word_1_89' title='bbox 1079 1795 1143 1842; x_wconf 83' lang='lat' dir='ltr'>cau·</span> 
     </span>
     <span class='ocr_line' id='line_1_14' title="bbox 144 1882 1144 1981; baseline 0.002 -27"><span class='ocrx_word' id='word_1_90' title='bbox 144 1882 302 1954; x_wconf 77' lang='lat' dir='ltr'>tionibus</span> <span class='ocrx_word' id='word_1_91' title='bbox 324 1883 509 1981; x_wconf 86' lang='lat' dir='ltr'>chirurgis</span> <span class='ocrx_word' id='word_1_92' title='bbox 537 1887 712 1956; x_wconf 87' lang='lat' dir='ltr'>inventus</span> <span class='ocrx_word' id='word_1_93' title='bbox 736 1899 800 1956; x_wconf 81' lang='lat' dir='ltr'>est.</span> <span class='ocrx_word' id='word_1_94' title='bbox 833 1887 975 1976; x_wconf 88' lang='lat' dir='ltr'>Qualis</span> <span class='ocrx_word' id='word_1_95' title='bbox 1014 1886 1144 1959; x_wconf 82' lang='lat' dir='ltr'>certeis</span> 
     </span>
     <span class='ocr_line' id='line_1_15' title="bbox 147 1984 1143 2099; baseline 0.003 -29"><span class='ocrx_word' id='word_1_96' title='bbox 147 2000 235 2070; x_wconf 90' lang='lat' dir='ltr'>olim</span> <span class='ocrx_word' id='word_1_97' title='bbox 248 2024 323 2070; x_wconf 94' lang='lat' dir='ltr'>non</span> <span class='ocrx_word' id='word_1_98' title='bbox 339 1997 408 2071; x_wconf 87' lang='lat' dir='ltr'>fuit</span> <span class='ocrx_word' id='word_1_99' title='bbox 418 2003 485 2098; x_wconf 91' lang='lat' dir='ltr'>qui</span> <span class='ocrx_word' id='word_1_100' title='bbox 499 2002 749 2099; x_wconf 87' lang='lat' dir='ltr'>tympanitici,</span> <span class='ocrx_word' id='word_1_101' title='bbox 762 1984 834 2098; x_wconf 80' lang='lat' dir='ltr'>pro</span> <span class='ocrx_word' id='word_1_102' title='bbox 848 2005 1016 2076; x_wconf 88' lang='lat' dir='ltr'>ascitico</span> <span class='ocrx_word' id='word_1_103' title='bbox 1031 2003 1143 2087; x_wconf 87' lang='lat' dir='ltr'>hahiti,</span> 
     </span>
     <span class='ocr_line' id='line_1_16' title="bbox 147 2115 1144 2217; baseline 0.001 -29"><span class='ocrx_word' id='word_1_104' title='bbox 147 2142 233 2188; x_wconf 90' lang='lat' dir='ltr'>cum</span> <span class='ocrx_word' id='word_1_105' title='bbox 248 2115 452 2204; x_wconf 88' lang='lat' dir='ltr'>abdomen,</span> <span class='ocrx_word' id='word_1_106' title='bbox 480 2117 913 2215; x_wconf 80' lang='lat' dir='ltr'>spectante&#39;llelmontio</span> <span class='ocrx_word' id='word_1_107' title='bbox 930 2121 991 2217; x_wconf 74' lang='lat' dir='ltr'>(nl</span> <span class='ocrx_word' id='word_1_108' title='bbox 1008 2138 1087 2193; x_wconf 89' lang='lat' dir='ltr'>tum</span> <span class='ocrx_word' id='word_1_109' title='bbox 1103 2121 1144 2216; x_wconf 87' lang='lat' dir='ltr'>jn-</span> 
     </span>
     <span class='ocr_line' id='line_1_17' title="bbox 146 2232 1146 2336; baseline 0.002 -33"><span class='ocrx_word' id='word_1_110' title='bbox 146 2259 258 2323; x_wconf 90' lang='lat' dir='ltr'>vene,</span> <span class='ocrx_word' id='word_1_111' title='bbox 288 2232 527 2329; x_wconf 86' lang='lat' dir='ltr'>perforasset,</span> <span class='ocrx_word' id='word_1_112' title='bbox 563 2232 700 2306; x_wconf 84' lang='lat' dir='ltr'>frustra</span> <span class='ocrx_word' id='word_1_113' title='bbox 730 2238 948 2333; x_wconf 82' lang='lat' dir='ltr'>expectavit</span> <span class='ocrx_word' id='word_1_114' title='bbox 979 2257 1146 2336; x_wconf 87' lang='lat' dir='ltr'>aquarum</span> 
     </span>
     <span class='ocr_line' id='line_1_18' title="bbox 144 2344 1177 2454; baseline -0.003 -29"><span class='ocrx_word' id='word_1_115' title='bbox 144 2354 297 2425; x_wconf 84' lang='lat' dir='ltr'>exitum.</span> <span class='ocrx_word' id='word_1_116' title='bbox 310 2355 495 2422; x_wconf 76' lang='lat' dir='ltr'>Extractn</span> <span class='ocrx_word' id='word_1_117' title='bbox 513 2353 611 2422; x_wconf 90' lang='lat' dir='ltr'>enim</span> <span class='ocrx_word' id='word_1_118' title='bbox 619 2353 887 2452; x_wconf 75' lang='lat' dir='ltr'>phlebotomo,</span> <span class='ocrx_word' id='word_1_119' title='bbox 906 2371 1068 2454; x_wconf 84' lang='lat' dir='ltr'>repente</span> <span class='ocrx_word' id='word_1_120' title='bbox 1082 2351 1149 2425; x_wconf 79' lang='lat' dir='ltr'>sidit</span> <span class='ocrx_word' id='word_1_121' title='bbox 1174 2344 1177 2349; x_wconf 39' lang='lat'><strong>⁴</strong></span> 
     </span>
     <span class='ocr_line' id='line_1_19' title="bbox 146 2469 1150 2567; baseline 0 -26"><span class='ocrx_word' id='word_1_122' title='bbox 146 2469 347 2554; x_wconf 84' lang='lat' dir='ltr'>abdomen,</span> <span class='ocrx_word' id='word_1_123' title='bbox 365 2485 402 2538; x_wconf 87' lang='lat' dir='ltr'>et</span> <span class='ocrx_word' id='word_1_124' title='bbox 411 2476 684 2566; x_wconf 81' lang='lat' dir='ltr'>quamprimum</span> <span class='ocrx_word' id='word_1_125' title='bbox 698 2495 794 2567; x_wconf 83' lang='lat' dir='ltr'>aeger</span> <span class='ocrx_word' id='word_1_126' title='bbox 803 2477 946 2567; x_wconf 78' lang='lat' dir='ltr'>periit5</span> <span class='ocrx_word' id='word_1_127' title='bbox 963 2473 1088 2544; x_wconf 84' lang='lat' dir='ltr'>editus</span> <span class='ocrx_word' id='word_1_128' title='bbox 1101 2495 1150 2542; x_wconf 74' lang='lat' dir='ltr'>ece</span> 
     </span>
     <span class='ocr_line' id='line_1_20' title="bbox 146 2586 1148 2685; baseline -0.003 -27"><span class='ocrx_word' id='word_1_129' title='bbox 146 2603 218 2658; x_wconf 85' lang='lat' dir='ltr'>tem</span> <span class='ocrx_word' id='word_1_130' title='bbox 222 2589 343 2683; x_wconf 83' lang='lat' dir='ltr'>flatus</span> <span class='ocrx_word' id='word_1_131' title='bbox 356 2590 527 2657; x_wconf 82' lang='lat' dir='ltr'>inunenre</span> <span class='ocrx_word' id='word_1_132' title='bbox 530 2586 689 2685; x_wconf 82' lang='lat' dir='ltr'>putidus</span> <span class='ocrx_word' id='word_1_133' title='bbox 700 2643 709 2677; x_wconf 88' lang='lat'>‚</span> <span class='ocrx_word' id='word_1_134' title='bbox 720 2603 754 2657; x_wconf 87' lang='lat' dir='ltr'>et</span> <span class='ocrx_word' id='word_1_135' title='bbox 768 2588 940 2661; x_wconf 80' lang='lat' dir='ltr'>cadaver</span> <span class='ocrx_word' id='word_1_136' title='bbox 951 2592 1071 2663; x_wconf 80' lang='lat' dir='ltr'>olens.</span> <span class='ocrx_word' id='word_1_137' title='bbox 1089 2586 1148 2661; x_wconf 87' lang='lat' dir='ltr'>Etsi</span> 
     </span>
     <span class='ocr_line' id='line_1_21' title="bbox 145 2704 1150 2800; baseline 0.003 -27"><span class='ocrx_word' id='word_1_138' title='bbox 145 2728 236 2775; x_wconf 85' lang='lat' dir='ltr'>vero</span> <span class='ocrx_word' id='word_1_139' title='bbox 256 2705 394 2773; x_wconf 86' lang='lat' dir='ltr'>mortui</span> <span class='ocrx_word' id='word_1_140' title='bbox 416 2728 554 2800; x_wconf 88' lang='lat' dir='ltr'>eorpus</span> <span class='ocrx_word' id='word_1_141' title='bbox 572 2730 649 2775; x_wconf 91' lang='lat' dir='ltr'>nou</span> <span class='ocrx_word' id='word_1_142' title='bbox 668 2720 722 2776; x_wconf 90' lang='lat' dir='ltr'>est</span> <span class='ocrx_word' id='word_1_143' title='bbox 739 2704 974 2796; x_wconf 82' lang='lat' dir='ltr'>dissectum3</span> <span class='ocrx_word' id='word_1_144' title='bbox 996 2707 1093 2778; x_wconf 91' lang='lat' dir='ltr'>nihil</span> <span class='ocrx_word' id='word_1_145' title='bbox 1108 2721 1150 2776; x_wconf 85' lang='lat' dir='ltr'>ta·</span> 
     </span>
     <span class='ocr_line' id='line_1_22' title="bbox 146 2818 1151 2919; baseline 0.002 -29"><span class='ocrx_word' id='word_1_146' title='bbox 146 2846 233 2891; x_wconf 89' lang='lat' dir='ltr'>men</span> <span class='ocrx_word' id='word_1_147' title='bbox 251 2819 333 2891; x_wconf 87' lang='lat' dir='ltr'>lieri</span> <span class='ocrx_word' id='word_1_148' title='bbox 345 2818 487 2892; x_wconf 82' lang='lat' dir='ltr'>facilius</span> <span class='ocrx_word' id='word_1_149' title='bbox 501 2836 640 2918; x_wconf 88' lang='lat' dir='ltr'>potest,</span> <span class='ocrx_word' id='word_1_150' title='bbox 655 2847 766 2919; x_wconf 88' lang='lat' dir='ltr'>quam</span> <span class='ocrx_word' id='word_1_151' title='bbox 781 2837 822 2893; x_wconf 92' lang='lat' dir='ltr'>ut</span> <span class='ocrx_word' id='word_1_152' title='bbox 838 2832 911 2892; x_wconf 85' lang='lat' dir='ltr'>aeu&#39;</span> <span class='ocrx_word' id='word_1_153' title='bbox 927 2825 1089 2910; x_wconf 83' lang='lat' dir='ltr'>educta,</span> <span class='ocrx_word' id='word_1_154' title='bbox 1103 2845 1151 2895; x_wconf 83' lang='lat' dir='ltr'>aer</span> 
     </span>
     <span class='ocr_line' id='line_1_23' title="bbox 144 2937 1149 3040; baseline 0.002 -32"><span class='ocrx_word' id='word_1_155' title='bbox 144 2937 324 3036; x_wconf 88' lang='lat' dir='ltr'>prodiens</span> <span class='ocrx_word' id='word_1_156' title='bbox 342 2937 456 3009; x_wconf 88' lang='lat' dir='ltr'>breve</span> <span class='ocrx_word' id='word_1_157' title='bbox 476 2939 628 3035; x_wconf 90' lang='lat' dir='ltr'>quidem</span> <span class='ocrx_word' id='word_1_158' title='bbox 650 2939 818 3011; x_wconf 90' lang='lat' dir='ltr'>levamen</span> <span class='ocrx_word' id='word_1_159' title='bbox 836 2937 976 3012; x_wconf 83' lang='lat' dir='ltr'>afferat</span> <span class='ocrx_word' id='word_1_160' title='bbox 993 2943 1149 3040; x_wconf 87' lang='lat' dir='ltr'>aliquan·</span> 
     </span>
     <span class='ocr_line' id='line_1_24' title="bbox 145 3053 1148 3154; baseline 0.002 -29"><span class='ocrx_word' id='word_1_161' title='bbox 145 3053 211 3140; x_wconf 90' lang='lat' dir='ltr'>d0;</span> <span class='ocrx_word' id='word_1_162' title='bbox 231 3056 294 3127; x_wconf 93' lang='lat' dir='ltr'>sed</span> <span class='ocrx_word' id='word_1_163' title='bbox 317 3081 403 3125; x_wconf 90' lang='lat' dir='ltr'>mox</span> <span class='ocrx_word' id='word_1_164' title='bbox 419 3056 488 3125; x_wconf 87' lang='lat' dir='ltr'>alia</span> <span class='ocrx_word' id='word_1_165' title='bbox 508 3081 660 3153; x_wconf 90' lang='lat' dir='ltr'>quoque</span> <span class='ocrx_word' id='word_1_166' title='bbox 675 3072 808 3128; x_wconf 83' lang='lat' dir='ltr'>exeant</span> <span class='ocrx_word' id='word_1_167' title='bbox 825 3080 913 3154; x_wconf 79' lang='lat' dir='ltr'>quoe</span> <span class='ocrx_word' id='word_1_168' title='bbox 929 3059 971 3129; x_wconf 91' lang='lat' dir='ltr'>in</span> <span class='ocrx_word' id='word_1_169' title='bbox 988 3076 1148 3131; x_wconf 83' lang='lat' dir='ltr'>ventrem</span> 
     </span>
     <span class='ocr_line' id='line_1_25' title="bbox 146 3171 1148 3272; baseline 0.003 -30"><span class='ocrx_word' id='word_1_170' title='bbox 146 3171 364 3259; x_wconf 85' lang='lat' dir='ltr'>defluentia,</span> <span class='ocrx_word' id='word_1_171' title='bbox 379 3198 456 3243; x_wconf 93' lang='lat' dir='ltr'>non</span> <span class='ocrx_word' id='word_1_172' title='bbox 477 3173 595 3243; x_wconf 89' lang='lat' dir='ltr'>multo</span> <span class='ocrx_word' id='word_1_173' title='bbox 615 3190 700 3272; x_wconf 86' lang='lat' dir='ltr'>post</span> <span class='ocrx_word' id='word_1_174' title='bbox 715 3174 923 3247; x_wconf 86' lang='lat' dir='ltr'>visceribus</span> <span class='ocrx_word' id='word_1_175' title='bbox 944 3176 1148 3248; x_wconf 83' lang='lat' dir='ltr'>lethiferam</span> 
     </span>
     <span class='ocr_line' id='line_1_26' title="bbox 143 3289 1167 3388; baseline 0.002 -28"><span class='ocrx_word' id='word_1_176' title='bbox 143 3289 324 3360; x_wconf 89' lang='lat' dir='ltr'>invehant</span> <span class='ocrx_word' id='word_1_177' title='bbox 354 3290 484 3360; x_wconf 85' lang='lat' dir='ltr'>labem.</span> <span class='ocrx_word' id='word_1_178' title='bbox 512 3291 639 3383; x_wconf 83' lang='lat' dir='ltr'>Quid?</span> <span class='ocrx_word' id='word_1_179' title='bbox 665 3292 769 3388; x_wconf 90' lang='lat' dir='ltr'>quod</span> <span class='ocrx_word' id='word_1_180' title='bbox 802 3294 841 3362; x_wconf 93' lang='lat' dir='ltr'>in</span> <span class='ocrx_word' id='word_1_181' title='bbox 871 3318 957 3364; x_wconf 90' lang='lat' dir='ltr'>eam</span> <span class='ocrx_word' id='word_1_182' title='bbox 993 3293 1167 3387; x_wconf 74' lang='lat' dir='ltr'>intestini·</span> 
     </span>
     <span class='ocr_line' id='line_1_27' title="bbox 141 3405 1149 3512; baseline 0.008 -36"><span class='ocrx_word' id='word_1_183' title='bbox 141 3422 284 3504; x_wconf 83' lang='lat' dir='ltr'>partem</span> <span class='ocrx_word' id='word_1_184' title='bbox 307 3405 418 3503; x_wconf 85' lang='lat' dir='ltr'>defigi</span> <span class='ocrx_word' id='word_1_185' title='bbox 435 3432 523 3479; x_wconf 89' lang='lat' dir='ltr'>acus</span> <span class='ocrx_word' id='word_1_186' title='bbox 542 3424 667 3505; x_wconf 89' lang='lat' dir='ltr'>posset</span> <span class='ocrx_word' id='word_1_187' title='bbox 683 3411 721 3479; x_wconf 92' lang='lat' dir='ltr'>in</span> <span class='ocrx_word' id='word_1_188' title='bbox 744 3434 818 3507; x_wconf 89' lang='lat' dir='ltr'>qua</span> <span class='ocrx_word' id='word_1_189' title='bbox 839 3435 930 3481; x_wconf 91' lang='lat' dir='ltr'>cum</span> <span class='ocrx_word' id='word_1_190' title='bbox 955 3415 1056 3485; x_wconf 86' lang='lat' dir='ltr'>aeris</span> <span class='ocrx_word' id='word_1_191' title='bbox 1074 3413 1149 3512; x_wconf 92' lang='lat' dir='ltr'>plu·</span> 
     </span>
     <span class='ocr_line' id='line_1_28' title="bbox 140 3523 1150 3603; baseline 0.008 -8"><span class='ocrx_word' id='word_1_192' title='bbox 140 3525 277 3595; x_wconf 89' lang='lat' dir='ltr'>rimum</span> <span class='ocrx_word' id='word_1_193' title='bbox 298 3523 348 3594; x_wconf 92' lang='lat' dir='ltr'>ob</span> <span class='ocrx_word' id='word_1_194' title='bbox 370 3526 572 3597; x_wconf 90' lang='lat' dir='ltr'>immanem</span> <span class='ocrx_word' id='word_1_195' title='bbox 592 3525 645 3595; x_wconf 91' lang='lat' dir='ltr'>ibi</span> <span class='ocrx_word' id='word_1_196' title='bbox 671 3526 947 3600; x_wconf 87' lang='lat' dir='ltr'>distentionem</span> <span class='ocrx_word' id='word_1_197' title='bbox 968 3555 1051 3603; x_wconf 90' lang='lat' dir='ltr'>esse</span> <span class='ocrx_word' id='word_1_198' title='bbox 1080 3555 1150 3603; x_wconf 92' lang='lat' dir='ltr'>cre·</span> 
     </span>
    </p>
   </div>
   <div class='ocr_carea' id='block_1_3' title="bbox 174 3825 706 4006">
    <p class='ocr_par' dir='ltr' id='par_1_4' title="bbox 174 3825 706 4006">
     <span class='ocr_line' id='line_1_29' title="bbox 176 3825 706 3905; baseline -0.002 -20"><span class='ocrx_word' id='word_1_199' title='bbox 176 3827 188 3897; x_wconf 58' lang='lat' dir='ltr'>i‘</span> <span class='ocrx_word' id='word_1_200' title='bbox 192 3825 219 3905; x_wconf 92' lang='lat'>1)</span> <span class='ocrx_word' id='word_1_201' title='bbox 242 3831 307 3884; x_wconf 82' lang='lat' dir='ltr'>Act.</span> <span class='ocrx_word' id='word_1_202' title='bbox 322 3831 359 3885; x_wconf 92' lang='lat' dir='ltr'>N.</span> <span class='ocrx_word' id='word_1_203' title='bbox 373 3830 406 3884; x_wconf 92' lang='lat' dir='ltr'>C.</span> <span class='ocrx_word' id='word_1_204' title='bbox 425 3838 495 3882; x_wconf 91' lang='lat' dir='ltr'>tom.</span> <span class='ocrx_word' id='word_1_205' title='bbox 513 3847 545 3899; x_wconf 88' lang='lat'>1,</span> <span class='ocrx_word' id='word_1_206' title='bbox 560 3830 624 3886; x_wconf 84' lang='lat' dir='ltr'>obs.</span> <span class='ocrx_word' id='word_1_207' title='bbox 640 3837 706 3898; x_wconf 70' lang='lat'>244.</span> 
     </span>
     <span class='ocr_line' id='line_1_30' title="bbox 174 3924 588 4006; baseline 0.007 -26"><span class='ocrx_word' id='word_1_208' title='bbox 174 3924 218 4004; x_wconf 74' lang='lat' dir='ltr'>(a)</span> <span class='ocrx_word' id='word_1_209' title='bbox 238 3929 334 4006; x_wconf 79' lang='lat' dir='ltr'>Ignot.</span> <span class='ocrx_word' id='word_1_210' title='bbox 348 3927 476 4004; x_wconf 83' lang='lat' dir='ltr'>hydrop.</span> <span class='ocrx_word' id='word_1_211' title='bbox 492 3947 523 3984; x_wconf 87' lang='lat' dir='ltr'>n.</span> <span class='ocrx_word' id='word_1_212' title='bbox 539 3935 588 3999; x_wconf 74' lang='grc'>44.</span> 
     </span>
    </p>
   </div>
   <div class='ocr_carea' id='block_1_4' title="bbox 0 0 1304 4514">
    <p class='ocr_par' dir='ltr' id='par_1_5' title="bbox 0 0 1304 4514">
     <span class='ocr_line' id='line_1_31' title="bbox 0 0 1304 4514; baseline 0 0"><span class='ocrx_word' id='word_1_213' title='bbox 0 0 1304 4514; x_wconf 95' lang='lat' dir='ltr'> </span> 
     </span>
    </p>
   </div>
  </div>
 </body>
</html>
