2580 4514
186 409 242 459 tut.
269 409 325 458 111.
355 411 403 456 Μ
428 408 564 456 nostrus
588 406 758 471 vmtrlus,
783 408 893 456 EPIST.
921 409 1019 457 xxx1.
1062 388 1125 460 181

143 534 238 622 atque
252 522 409 622 ingenui
419 520 557 593 medici
569 522 741 609 nomine,
753 520 908 593 ubinam
921 546 1131 616 censerem,

145 656 291 714 comesta
309 641 391 738 pisa
407 641 576 736 quinque
605 639 707 736 ipsos
734 664 881 711 menses
900 642 939 711 in
966 641 1132 721 hominis

144 777 257 834 tentre
276 761 417 833 morari
433 759 624 858 potuisse?
642 757 863 832 Affirmabat
883 762 984 832 enim
1008 764 1133 834 suain

144 883 275 956 civitate
296 884 421 955 virum
441 906 519 955 esse
541 881 609 978 qui
635 905 721 955 cum
747 883 857 978 junio
883 908 1012 957 mense
1035 885 1134 957 mul-

141 1012 231 1092 tum,
253 1026 298 1073 ac
326 1002 459 1100 saepius
484 999 548 1071 illa
576 997 729 1087 edisset,
761 1015 957 1097 correptus
985 1002 1135 1074 octobri

137 1117 339 1218 dysenteria
372 1133 410 1192 et
426 1116 614 1216 singultu,
630 1142 710 1187 non
740 1133 827 1188 ante
848 1120 971 1189 sanari
999 1134 1135 1218 potue·

134 1239 196 1327 rit,
211 1261 347 1336 quam,
359 1233 552 1329 decembri
563 1236 737 1321 ineunte,
752 1235 831 1330 pisa
849 1235 896 1308 ad
916 1235 1009 1309 duas
1023 1235 1137 1310 libras

130 1354 264 1452 dejecit
288 1355 459 1453 integra,
483 1352 578 1424 adeo
608 1366 650 1422 ut
677 1350 889 1449 apluribus
914 1354 1138 1428 mirantibus

128 1472 284 1547 medicis
305 1472 414 1570 plura
436 1466 523 1542 'sint
549 1493 681 1541 eorum
706 1484 859 1541 servata.
883 1470 990 1542 Idem
1011 1486 1138 1545 autem
1200 1548 1202 1553 ,

126 1592 207 1688 ejus
230 1591 304 1662 viri
336 1590 435 1688 patri
453 1589 568 1678 olim,
593 1586 660 1660 sed
680 1587 726 1658 ad
744 1590 949 1686 ,pauciores
971 1608 1138 1682 menses,

127 1709 310 1783 accidisse
333 1706 547 1779 narrabant.
576 1705 785 1803 Respondi,
818 1708 848 1778 si
873 1706 951 1778 haec
972 1733 1061 1781 vera
1081 1734 1140 1782 es·

127 1843 233 1921 sent,
251 1852 378 1924 neque
397 1827 499 1898 enim
516 1850 597 1897 rem
612 1826 651 1894 in
669 1849 713 1897 ea
732 1825 897 1914 civitate,
917 1826 1048 1900 multis
1067 1842 1141 1900 tes·

126 1945 320 2035 tentibus,
333 1945 609 2043 pervulgatam,
622 1967 761 2040 negare
774 1943 933 2017 honeste
950 1961 1141 2044 poteram,

126 2064 339 2164 prasertim
374 2063 442 2160 qui
478 2061 599 2133 multo
631 2057 844 2133 difficiliora
869 2063 1015 2133 creditu
1041 2064 1143 2161 apud

125 2181 291 2254 idoneos
311 2196 485 2253 auctores
503 2179 696 2279 legissem,
711 2193 748 2250 et
765 2180 796 2250 si
815 2178 965 2252 duobus
985 2180 1060 2254 illis
1072 2182 1143 2254 ho·

129 2298 301 2371 minibus
325 2298 455 2371 eadem
485 2312 581 2370 esset
604 2321 688 2396 quae
708 2299 864 2388 cacteris,
887 2300 1088 2372 ventriculi
1106 2317 1145 2374 et

129 2418 403 2491 intestinorum
425 2430 631 2505 structura;
658 2440 739 2488 non
758 2415 888 2489 videre
910 2442 970 2489 me
989 2417 1056 2490 ubi
1073 2421 1143 2490 rni-

131 2559 208 2609 nus
223 2533 378 2608 difficile
395 2533 537 2607 haerere
556 2534 621 2605 illa
636 2534 869 2632 potuissent,
888 2560 1004 2634 quam
1016 2537 1057 2608 in
1070 2539 1146 2611 coli

129 2653 303 2728 intestini
315 2651 466 2726 cellulas
480 2650 696 2750 complures
708 2650 903 2749 dispertita
918 2679 926 2722 :
941 2654 1146 2750 conjuncta

129 2773 233 2846 enim
253 2772 353 2842 viam
370 2771 451 2867 ejus
468 2771 652 2860 intestini,
675 2768 818 2842 nedum
847 2771 1042 2860 tenuium,
1058 2770 1146 2845 obs·

129 2887 580 2976 traxissent,ventriculo
593 2902 719 2960 autem
732 2888 838 2958 oneri
857 2889 1093 2986 gravissimo,
1108 2905 1146 2962 et

131 2990 401 3080 molestissimo
418 3002 593 3093 luissent3
610 3007 753 3104 quippe
770 3004 818 3077 ad
835 3004 874 3076 id
894 3005 1060 3103 pondus,
1075 3032 1149 3081 nec

131 3148 284 3214 mansa,
305 3140 347 3196 ut
365 3147 427 3197 res
444 3121 686 3210 ostendebat,
709 3146 781 3197 nec
802 3125 889 3196 satis
908 3122 1063 3197 fortasse
1080 3150 1148 3198 an·

130 3260 193 3318 tea
208 3258 433 3333 cocta,1nec
453 3266 498 3316 ex
513 3240 706 3335 ,viridibus
719 3255 765 3312 -et
791 3242 1064 3334 tenerioribus,
1081 3243 1148 3316 sed

133 3388 179 3436 ex
207 3360 499 3434 flavescentibus
530 3359 609 3456 jam
649 3374 685 3431 et
727 3357 1025 3434 durescentibus.
1059 3350 1149 3435 Esse

134 3478 292 3553 forsitan
309 3479 357 3552 iis
387 3476 609 3550 hominibus
638 3476 719 3549 illas
746 3476 899 3551 cellulas
924 3494 1059 3551 natura
1084 3479 1152 3550 ali·

136 3612 285 3698 quanto
302 3597 525 3696 ampliores,
544 3611 581 3668 et
597 3594 802 3668 laxioribus
821 3593 949 3684 libris,
966 3597 1032 3670 sed
1049 3612 1151 3669 certe

138 3714 421 3817 propemodum
438 3716 483 3786 iis
508 3737 586 3787 esse
606 3714 646 3784 in
670 3708 764 3785 tubo
784 3715 1051 3785 intestinorum
1078 3716 1151 3787 vis-

140 3833 347 3908 cidissimas
369 3832 701 3930 tenacissimasque
715 3832 906 3921 materias,
926 3847 969 3903 ut
980 3848 1070 3931 pote
1087 3834 1154 3930 qui

142 3973 272 4048 parum
289 3948 386 4023 adeo
401 3947 507 4023 cibos
524 3949 707 4024 mandere
726 3966 994 4040 consuessent3
1009 3972 1079 4047 per
1093 3970 1154 4022 eas
