2580 4514
186 368 284 464 436¹
350 396 398 444 nr
422 391 569 443 samana
593 390 638 440 rr
662 391 787 441 canus
812 390 1035 444 nouorum

187 534 302 584 unam
341 509 510 581 invenies
541 504 608 577 ubi
632 528 760 577 causas
785 507 996 580 attenderis
1016 530 1095 606 quae
1111 522 1166 579 tan

185 624 394 723 frequentis
413 621 647 695 calculorum
664 623 704 692 in
721 624 815 719 cysti
833 625 1089 721 generationis
1104 623 1169 695 red·
1222 632 1224 639 '

188 743 342 815 duntur.
362 738 575 838 Veslingius
592 737 786 835 noster(1)
798 739 946 837 cysticae
960 738 1050 815 bilis
1069 740 1175 812 crassi·

17 871 19 877 '
114 877 116 883 '
185 861 275 947 tiem
299 874 336 930 et
354 856 630 928 diuturniorem
656 856 696 925 in
716 855 808 953 cysti
831 878 1004 944 moram,
1028 871 1066 928 et
1094 856 1174 929 ham

186 962 365 1073 augentes
381 973 509 1070 cystici
526 986 671 1043 meatus
690 973 880 1070 angustias
899 988 936 1045 et
958 972 1126 1046 valvulas
1138 975 1185 1044 in·-

187 1092 332 1164 dicavit.
346 1093 447 1181 Quas
463 1113 593 1162 causas
609 1091 658 1161 ita
672 1089 879 1187 peculiares
894 1091 1013 1187 cystis
1025 1092 1179 1165 invenies

186 1225 228 1282 ut
252 1208 441 1307 pleraeque
457 1204 505 1276 ad
522 1205 716 1304 hepaticus
734 1205 870 1277 ductus
887 1205 1098 1280 transferre
1116 1233 1181 1280 noa

186 1322 633 1428 possis‚mirandumque
658 1324 704 1396 sit
722 1324 984 1422 gravissimum
1014 1326 1117 1398 inter
1132 1351 1181 1398 re·

187 1442 372 1519 centiores
391 1440 599 1530 medicum,
626 1439 694 1511 has
724 1444 822 1539 ipsas
850 1443 1042 1541 propositi
1067 1443 1184 1515 discri-

187 1561 300 1633 minis
326 1582 454 1630 causas
485 1572 771 1656 agnoscentem,
798 1558 925 1630 minus
951 1560 1182 1632 animadver·

188 1679 276 1749 tisse
292 1675 433 1747 bovino
448 1698 601 1771 quoque
624 1676 752 1772 generi
776 1698 865 1766 esse*
878 1699 1128 1767 communes,
1149 1679 1181 1748 in

188 1817 266 1892 quo
279 1805 322 1863 ut
331 1789 384 1861 ibi
394 1788 529 1865 fatetur
540 1789 732 1888 hepaticos
743 1790 905 1864 calculos
921 1815 1003 1865 esse
1019 1791 1183 1894 frequen·

187 1911 321 1998 tiores,
337 1910 387 1980 ita
407 1930 553 1979 causam
573 1908 735 2005 aliquam
757 1906 924 1983 indicare
944 1911 1065 1984 simul
1081 1911 1183 1985 debe·

187 2017 254 2101 bat
280 2025 393 2123 hujus
417 2025 568 2096 alterius
593 2025 691 2096 inter
716 2023 926 2097 humanum
945 2043 986 2100 et
1008 2028 1182 2102 bovinum

190 2167 308 2244 genus
325 2141 557 2213 discriminis.
575 2139 647 2212 Sed
663 2166 745 2238 quae
760 2142 976 2242 Veslingius
992 2170 1183 2245 praemunt·

189 2270 369 2346 traverat,
389 2255 435 2330 ab
460 2257 539 2329 aliis
562 2257 704 2329 interea
723 2256 908 2330 illustrata
937 2275 1056 2359 atque
1087 2277 1184 2336 aucta

188 2376 357 2464 fuerant,
375 2376 450 2448 sive
463 2375 644 2470 majorem
656 2375 862 2447 crassitiem
878 2374 969 2450 bilis
982 2380 1026 2450 in
1043 2379 1183 2478 quihus·

189 2494 276 2566 dam
301 2491 541 2579 hominibus,
570 2505 607 2562 et
626 2490 912 2590 dispositionem
934 2494 984 2566 ad
1017 2521 1183 2571 cencres·

190 2609 354 2684 cendum
393 2607 633 2696 adnotando,
670 2610 746 2683 sive
774 2635 882 2708 aequo
911 2609 1180 2688 diuturniorem

189 2753 336 2800 moram
361 2724 411 2797 ob
431 2725 558 2823 cystici
576 2724 711 2798 ductus
730 2727 986 2824 spasmodicas
1010 2733 1182 2832 crispatu-

188 2869 250 2919 ras
266 2859 303 2917 et
320 2842 627 2929 commotiones,
646 2857 711 2913 aut
729 2841 778 2914 ob
792 2840 1023 2918 infirmatam
1040 2849 1080 2920 in
1095 2849 1180 2921 laxa·

190 2965 236 3035 tis
253 2958 422 3033 vesiculae
437 2959 573 3029 tunicis
587 2981 624 3029 se
638 2959 888 3031 contrahendi
897 2962 976 3033 vim
991 2990 1179 3064 agnoscere

190 3078 251 3151 do.
283 3079 374 3168 Quae
398 3075 611 3146 tunicarum
644 3073 846 3149 infirmatio
861 3093 979 3151 -tanto
1013 3081 1179 3181 deinceps

192 3197 313 3291 major
330 3190 391 3284 fit,
411 3208 553 3291 quanto
572 3192 658 3290 plus
676 3191 763 3266 bilis
779 3184 982 3282 retinetur,
997 3220 1180 3273 nonsecus

190 3327 302 3410 atque
318 3311 359 3380 in
375 3310 539 3382 urinaria
559 3310 680 3380 vesica
695 3309 847 3396 accidit,
867 3336 955 3384 cum
969 3313 1020 3387 ab
1040 3317 1176 3389 lotiire·

189 3444 292 3503 tenta
321 3427 429 3524 copia
459 3428 539 3522 ejus
567 3425 804 3498 resolvuntur
822 3429 919 3501 vires
943 3459 952 3500 τ
980 3459 1060 3530 qua
1088 3432 1174 3506 simi·

188 3543 347 3618 litudine
379 3555 417 3612 et
435 3539 607 3644 Galenus
630 3541 692 3639 (a)
726 3543 816 3614 olim
846 3560 884 3615 et
910 3549 1108 3648 Verneyus
1123 3549 1171 3645 ju·

229 3829 272 3909 (1)
294 3828 369 3886 Sint.
385 3836 464 3882 anat.
483 3846 507 3883 c.
524 3832 552 3892 4.
648 3869 653 3881 .

229 3931 272 4011 (a)
292 3931 338 3989 De
351 3928 409 3986 loc.
424 3925 475 3984 att.
487 3927 509 3985 l.
528 3923 559 4000 t,
574 3945 631 3999 aa
649 3927 906 4005 haud-itaprocut
924 3948 943 3987 a
958 3929 1028 3991 fine.
