<?xml version="1.0" encoding="UTF-8"?>
<!DOCTYPE html PUBLIC "-//W3C//DTD XHTML 1.0 Transitional//EN"
    "http://www.w3.org/TR/xhtml1/DTD/xhtml1-transitional.dtd">
<html xmlns="http://www.w3.org/1999/xhtml" xml:lang="en" lang="en">
 <head>
  <title>
</title>
<meta http-equiv="Content-Type" content="text/html;charset=utf-8" />
  <meta name='ocr-system' content='tesseract 3.04.00' />
  <meta name='ocr-capabilities' content='ocr_page ocr_carea ocr_par ocr_line ocrx_word'/>
</head>
<body>
  <div class='ocr_page' id='page_1' title='image "./desedibusetcaus00adelgoog_0487.png"; bbox 0 0 2580 4514; ppageno 0'>
   <div class='ocr_carea' id='block_1_1' title="bbox 134 351 979 445">
    <p class='ocr_par' dir='ltr' id='par_1_1' title="bbox 134 351 979 445">
     <span class='ocr_line' id='line_1_1' title="bbox 134 351 979 445; baseline -0.002 -27"><span class='ocrx_word' id='word_1_1' title='bbox 134 351 204 445; x_wconf 66' lang='lat'>492</span> <span class='ocrx_word' id='word_1_2' title='bbox 300 373 346 418; x_wconf 79' lang='lat' dir='ltr'>nn</span> <span class='ocrx_word' id='word_1_3' title='bbox 373 371 517 416; x_wconf 79' lang='lat' dir='ltr'>saumas</span> <span class='ocrx_word' id='word_1_4' title='bbox 543 371 586 415; x_wconf 80' lang='lat' dir='ltr'>rr</span> <span class='ocrx_word' id='word_1_5' title='bbox 612 369 735 416; x_wconf 79' lang='lat' dir='ltr'>causis</span> <span class='ocrx_word' id='word_1_6' title='bbox 761 367 979 416; x_wconf 73' lang='lat' dir='ltr'>nonnosum</span> 
     </span>
    </p>
   </div>
   <div class='ocr_carea' id='block_1_2' title="bbox 52 480 1136 3517">
    <p class='ocr_par' dir='ltr' id='par_1_2' title="bbox 118 480 1131 1875">
     <span class='ocr_line' id='line_1_2' title="bbox 138 480 1121 581; baseline -0.001 -24"><span class='ocrx_word' id='word_1_7' title='bbox 138 488 218 557; x_wconf 86' lang='lat' dir='ltr'>sicae</span> <span class='ocrx_word' id='word_1_8' title='bbox 235 482 350 556; x_wconf 85' lang='lat' dir='ltr'>felleae</span> <span class='ocrx_word' id='word_1_9' title='bbox 374 498 550 580; x_wconf 88' lang='lat' dir='ltr'>arquatos</span> <span class='ocrx_word' id='word_1_10' title='bbox 578 480 698 553; x_wconf 83' lang='lat' dir='ltr'>facere</span> <span class='ocrx_word' id='word_1_11' title='bbox 717 481 898 555; x_wconf 90' lang='lat' dir='ltr'>homines</span> <span class='ocrx_word' id='word_1_12' title='bbox 925 498 1083 581; x_wconf 85' lang='lat' dir='ltr'><strong>queant,</strong></span> <span class='ocrx_word' id='word_1_13' title='bbox 1096 499 1121 556; x_wconf 86' lang='lat' dir='ltr'>et</span> 
     </span>
     <span class='ocr_line' id='line_1_3' title="bbox 118 586 1123 696; baseline 0 -25"><span class='ocrx_word' id='word_1_14' title='bbox 118 586 230 671; x_wconf 58' lang='lat' dir='ltr'>&#39;num</span> <span class='ocrx_word' id='word_1_15' title='bbox 251 599 312 669; x_wconf 89' lang='lat' dir='ltr'>illa</span> <span class='ocrx_word' id='word_1_16' title='bbox 330 625 402 696; x_wconf 91' lang='lat' dir='ltr'>qua</span> <span class='ocrx_word' id='word_1_17' title='bbox 419 597 674 683; x_wconf 88' lang='lat' dir='ltr'>Marchettus,</span> <span class='ocrx_word' id='word_1_18' title='bbox 696 598 836 696; x_wconf 89' lang='lat' dir='ltr'>aliique</span> <span class='ocrx_word' id='word_1_19' title='bbox 858 600 1123 688; x_wconf 86' lang='lat' dir='ltr'>existimarunt,</span> 
     </span>
     <span class='ocr_line' id='line_1_4' title="bbox 139 715 1125 815; baseline -0.001 -25"><span class='ocrx_word' id='word_1_20' title='bbox 139 719 169 790; x_wconf 88' lang='lat' dir='ltr'>si</span> <span class='ocrx_word' id='word_1_21' title='bbox 188 719 366 802; x_wconf 89' lang='lat' dir='ltr'>vesicam,</span> <span class='ocrx_word' id='word_1_22' title='bbox 380 731 444 787; x_wconf 90' lang='lat' dir='ltr'>aut</span> <span class='ocrx_word' id='word_1_23' title='bbox 460 717 584 814; x_wconf 91' lang='lat' dir='ltr'>potius</span> <span class='ocrx_word' id='word_1_24' title='bbox 601 717 681 812; x_wconf 82' lang='lat' dir='ltr'>ejus</span> <span class='ocrx_word' id='word_1_25' title='bbox 697 717 922 813; x_wconf 85' lang='lat' dir='ltr'>proprium,</span> <span class='ocrx_word' id='word_1_26' title='bbox 940 715 981 787; x_wconf 92' lang='lat' dir='ltr'>id</span> <span class='ocrx_word' id='word_1_27' title='bbox 996 734 1052 789; x_wconf 88' lang='lat' dir='ltr'>est</span> <span class='ocrx_word' id='word_1_28' title='bbox 1065 742 1125 815; x_wconf 84' lang='lat' dir='ltr'>cys·</span> 
     </span>
     <span class='ocr_line' id='line_1_5' title="bbox 138 833 1126 907; baseline 0 -1"><span class='ocrx_word' id='word_1_29' title='bbox 138 837 252 906; x_wconf 87' lang='lat' dir='ltr'>ticum</span> <span class='ocrx_word' id='word_1_30' title='bbox 273 834 429 907; x_wconf 86' lang='lat' dir='ltr'>ductum</span> <span class='ocrx_word' id='word_1_31' title='bbox 458 833 664 906; x_wconf 86' lang='lat' dir='ltr'><strong>obstruant.</strong></span> <span class='ocrx_word' id='word_1_32' title='bbox 682 836 777 904; x_wconf 86' lang='lat' dir='ltr'>Nam</span> <span class='ocrx_word' id='word_1_33' title='bbox 801 835 884 905; x_wconf 91' lang='lat' dir='ltr'>sine</span> <span class='ocrx_word' id='word_1_34' title='bbox 912 835 1034 906; x_wconf 89' lang='lat' dir='ltr'>ictero</span> <span class='ocrx_word' id='word_1_35' title='bbox 1058 833 1126 906; x_wconf 75' lang='lat' dir='ltr'>obs</span> 
     </span>
     <span class='ocr_line' id='line_1_6' title="bbox 141 950 1128 1051; baseline 0 -27"><span class='ocrx_word' id='word_1_36' title='bbox 141 968 301 1024; x_wconf 88' lang='lat' dir='ltr'>tructam</span> <span class='ocrx_word' id='word_1_37' title='bbox 328 955 444 1051; x_wconf 82' lang='lat' dir='ltr'>ipsam</span> <span class='ocrx_word' id='word_1_38' title='bbox 465 950 578 1023; x_wconf 84' lang='lat' dir='ltr'>fuisse</span> <span class='ocrx_word' id='word_1_39' title='bbox 599 965 742 1023; x_wconf 87' lang='lat' dir='ltr'>constat</span> <span class='ocrx_word' id='word_1_40' title='bbox 762 951 823 1022; x_wconf 91' lang='lat' dir='ltr'>vel</span> <span class='ocrx_word' id='word_1_41' title='bbox 845 952 955 1023; x_wconf 85' lang='lat' dir='ltr'>exiis</span> <span class='ocrx_word' id='word_1_42' title='bbox 977 953 1128 1024; x_wconf 84' lang='lat' dir='ltr'>obseru-</span> 
     </span>
     <span class='ocr_line' id='line_1_7' title="bbox 139 1069 1128 1167; baseline 0.003 -29"><span class='ocrx_word' id='word_1_43' title='bbox 139 1069 307 1155; x_wconf 86' lang='lat' dir='ltr'>tionibus</span> <span class='ocrx_word' id='word_1_44' title='bbox 324 1094 416 1166; x_wconf 88' lang='lat' dir='ltr'>quas</span> <span class='ocrx_word' id='word_1_45' title='bbox 429 1093 541 1167; x_wconf 86' lang='lat' dir='ltr'>supra</span> <span class='ocrx_word' id='word_1_46' title='bbox 554 1071 572 1142; x_wconf 74' lang='lat' dir='ltr'>t</span> <span class='ocrx_word' id='word_1_47' title='bbox 579 1073 612 1152; x_wconf 81' lang='lat' dir='ltr'>i)</span> <span class='ocrx_word' id='word_1_48' title='bbox 628 1074 1042 1158; x_wconf 80' lang='lat' dir='ltr'>commemoravimus,</span> <span class='ocrx_word' id='word_1_49' title='bbox 1060 1094 1128 1141; x_wconf 87' lang='lat' dir='ltr'>cum</span> 
     </span>
     <span class='ocr_line' id='line_1_8' title="bbox 137 1186 1129 1285; baseline 0 -28"><span class='ocrx_word' id='word_1_50' title='bbox 137 1187 310 1259; x_wconf 81' lang='lat' dir='ltr'>videlicet</span> <span class='ocrx_word' id='word_1_51' title='bbox 321 1188 428 1285; x_wconf 86' lang='lat' dir='ltr'>plena</span> <span class='ocrx_word' id='word_1_52' title='bbox 447 1203 524 1257; x_wconf 89' lang='lat' dir='ltr'>erat</span> <span class='ocrx_word' id='word_1_53' title='bbox 536 1186 763 1284; x_wconf 86' lang='lat' dir='ltr'>lapillorum.</span> <span class='ocrx_word' id='word_1_54' title='bbox 777 1187 1014 1284; x_wconf 86' lang='lat' dir='ltr'>Quanquam</span> <span class='ocrx_word' id='word_1_55' title='bbox 1025 1202 1129 1259; x_wconf 85' lang='lat' dir='ltr'>auten</span> 
     </span>
     <span class='ocr_line' id='line_1_9' title="bbox 142 1303 1130 1402; baseline 0.001 -27"><span class='ocrx_word' id='word_1_56' title='bbox 142 1329 227 1375; x_wconf 91' lang='lat' dir='ltr'>cum</span> <span class='ocrx_word' id='word_1_57' title='bbox 247 1305 358 1402; x_wconf 84' lang='lat' dir='ltr'>plena</span> <span class='ocrx_word' id='word_1_58' title='bbox 379 1304 437 1376; x_wconf 91' lang='lat' dir='ltr'>his</span> <span class='ocrx_word' id='word_1_59' title='bbox 455 1319 529 1391; x_wconf 89' lang='lat' dir='ltr'>est,</span> <span class='ocrx_word' id='word_1_60' title='bbox 548 1303 641 1373; x_wconf 87' lang='lat' dir='ltr'>nihil</span> <span class='ocrx_word' id='word_1_61' title='bbox 656 1303 740 1375; x_wconf 90' lang='lat' dir='ltr'>bilis</span> <span class='ocrx_word' id='word_1_62' title='bbox 757 1305 878 1402; x_wconf 91' lang='lat' dir='ltr'><strong>possit</strong></span> <span class='ocrx_word' id='word_1_63' title='bbox 904 1305 1092 1387; x_wconf 83' lang='lat' dir='ltr'>emittere,</span> <span class='ocrx_word' id='word_1_64' title='bbox 1104 1318 1130 1375; x_wconf 85' lang='lat' dir='ltr'>et</span> 
     </span>
     <span class='ocr_line' id='line_1_10' title="bbox 139 1420 1129 1519; baseline 0 -27"><span class='ocrx_word' id='word_1_65' title='bbox 139 1422 241 1519; x_wconf 92' lang='lat' dir='ltr'>quod</span> <span class='ocrx_word' id='word_1_66' title='bbox 259 1424 521 1519; x_wconf 85' lang='lat' dir='ltr'>consequitur,</span> <span class='ocrx_word' id='word_1_67' title='bbox 539 1441 598 1493; x_wconf 84' lang='lat' dir='ltr'>res</span> <span class='ocrx_word' id='word_1_68' title='bbox 618 1420 751 1492; x_wconf 89' lang='lat' dir='ltr'>eodem</span> <span class='ocrx_word' id='word_1_69' title='bbox 778 1420 913 1515; x_wconf 81' lang='lat' dir='ltr'>redeat</span> <span class='ocrx_word' id='word_1_70' title='bbox 943 1447 989 1495; x_wconf 83' lang='lat' dir='ltr'>ac</span> <span class='ocrx_word' id='word_1_71' title='bbox 1016 1422 1047 1494; x_wconf 94' lang='lat' dir='ltr'>si</span> <span class='ocrx_word' id='word_1_72' title='bbox 1068 1424 1129 1519; x_wconf 85' lang='lat' dir='ltr'>ejus</span> 
     </span>
     <span class='ocr_line' id='line_1_11' title="bbox 139 1538 1130 1638; baseline 0.001 -30"><span class='ocrx_word' id='word_1_73' title='bbox 139 1555 285 1619; x_wconf 86' lang='lat' dir='ltr'>meatus</span> <span class='ocrx_word' id='word_1_74' title='bbox 295 1555 389 1611; x_wconf 86' lang='lat' dir='ltr'>esset</span> <span class='ocrx_word' id='word_1_75' title='bbox 405 1540 600 1628; x_wconf 91' lang='lat' dir='ltr'>occlusus;</span> <span class='ocrx_word' id='word_1_76' title='bbox 618 1555 742 1610; x_wconf 88' lang='lat' dir='ltr'>tamen</span> <span class='ocrx_word' id='word_1_77' title='bbox 760 1553 802 1610; x_wconf 92' lang='lat' dir='ltr'>ut</span> <span class='ocrx_word' id='word_1_78' title='bbox 816 1539 888 1610; x_wconf 92' lang='lat' dir='ltr'>tibi</span> <span class='ocrx_word' id='word_1_79' title='bbox 901 1538 1130 1638; x_wconf 77' lang='lat' dir='ltr'>satisfaciam,</span> 
     </span>
     <span class='ocr_line' id='line_1_12' title="bbox 140 1648 1131 1735; baseline 0 -9"><span class='ocrx_word' id='word_1_80' title='bbox 140 1656 283 1727; x_wconf 87' lang='lat' dir='ltr'>occlusi</span> <span class='ocrx_word' id='word_1_81' title='bbox 310 1656 409 1735; x_wconf 84' lang='lat' dir='ltr'>illius</span> <span class='ocrx_word' id='word_1_82' title='bbox 437 1673 580 1729; x_wconf 90' lang='lat' dir='ltr'>meatus</span> <span class='ocrx_word' id='word_1_83' title='bbox 606 1657 890 1730; x_wconf 87' lang='lat' dir='ltr'>observationes</span> <span class='ocrx_word' id='word_1_84' title='bbox 923 1648 1008 1729; x_wconf 90' lang='lat' dir='ltr'>sine</span> <span class='ocrx_word' id='word_1_85' title='bbox 1036 1660 1131 1728; x_wconf 86' lang='lat' dir='ltr'>ictero</span> 
     </span>
     <span class='ocr_line' id='line_1_13' title="bbox 140 1770 1131 1875; baseline 0.003 -33"><span class='ocrx_word' id='word_1_86' title='bbox 140 1771 236 1875; x_wconf 81' lang='lat' dir='ltr'>infra</span> <span class='ocrx_word' id='word_1_87' title='bbox 251 1774 306 1871; x_wconf 78' lang='lat' dir='ltr'>(a)</span> <span class='ocrx_word' id='word_1_88' title='bbox 317 1772 524 1871; x_wconf 86' lang='lat' dir='ltr'>proferam;</span> <span class='ocrx_word' id='word_1_89' title='bbox 540 1774 602 1847; x_wconf 91' lang='lat' dir='ltr'>hic</span> <span class='ocrx_word' id='word_1_90' title='bbox 612 1788 737 1848; x_wconf 86' lang='lat' dir='ltr'>autem</span> <span class='ocrx_word' id='word_1_91' title='bbox 749 1774 844 1846; x_wconf 83' lang='lat' dir='ltr'>illud</span> <span class='ocrx_word' id='word_1_92' title='bbox 852 1770 1131 1873; x_wconf 85' lang='lat' dir='ltr'>duntaxatquod</span> 
     </span>
    </p>

    <p class='ocr_par' dir='ltr' id='par_1_3' title="bbox 52 1891 1136 3517">
     <span class='ocr_line' id='line_1_14' title="bbox 141 1891 1132 1992; baseline 0.005 -30"><span class='ocrx_word' id='word_1_93' title='bbox 141 1915 251 1990; x_wconf 89' lang='lat' dir='ltr'>supra</span> <span class='ocrx_word' id='word_1_94' title='bbox 261 1891 315 1990; x_wconf 81' lang='lat'>(3)</span> <span class='ocrx_word' id='word_1_95' title='bbox 326 1891 531 1966; x_wconf 83' lang='lat' dir='ltr'>indicatum</span> <span class='ocrx_word' id='word_1_96' title='bbox 546 1909 618 1982; x_wconf 89' lang='lat' dir='ltr'>est,</span> <span class='ocrx_word' id='word_1_97' title='bbox 634 1892 681 1964; x_wconf 89' lang='lat' dir='ltr'>ad</span> <span class='ocrx_word' id='word_1_98' title='bbox 695 1895 924 1992; x_wconf 81' lang='lat' dir='ltr'>memoriam</span> <span class='ocrx_word' id='word_1_99' title='bbox 943 1893 1132 1980; x_wconf 86' lang='lat' dir='ltr'>revocabo,</span> 
     </span>
     <span class='ocr_line' id='line_1_15' title="bbox 52 1992 1133 2108; baseline 0.001 -29"><span class='ocrx_word' id='word_1_100' title='bbox 52 1992 60 2006; x_wconf 60' lang='lat'><em>⁰</em></span> <span class='ocrx_word' id='word_1_101' title='bbox 140 2036 218 2081; x_wconf 91' lang='lat' dir='ltr'>non</span> <span class='ocrx_word' id='word_1_102' title='bbox 230 2011 411 2107; x_wconf 88' lang='lat' dir='ltr'>cysticum</span> <span class='ocrx_word' id='word_1_103' title='bbox 418 2063 429 2097; x_wconf 91' lang='lat'>,</span> <span class='ocrx_word' id='word_1_104' title='bbox 442 2011 507 2081; x_wconf 90' lang='lat' dir='ltr'>sed</span> <span class='ocrx_word' id='word_1_105' title='bbox 515 2010 730 2108; x_wconf 87' lang='lat' dir='ltr'>hepaticum</span> <span class='ocrx_word' id='word_1_106' title='bbox 745 2025 782 2081; x_wconf 90' lang='lat' dir='ltr'>et</span> <span class='ocrx_word' id='word_1_107' title='bbox 795 2035 1052 2086; x_wconf 89' lang='lat' dir='ltr'>communem</span> <span class='ocrx_word' id='word_1_108' title='bbox 1063 2011 1133 2082; x_wconf 81' lang='lat' dir='ltr'>duo</span> 
     </span>
     <span class='ocr_line' id='line_1_16' title="bbox 140 2110 1132 2228; baseline 0.002 -30"><span class='ocrx_word' id='word_1_109' title='bbox 140 2142 221 2199; x_wconf 90' lang='lat' dir='ltr'>tum</span> <span class='ocrx_word' id='word_1_110' title='bbox 240 2127 320 2209; x_wconf 84' lang='lat' dir='ltr'>illas</span> <span class='ocrx_word' id='word_1_111' title='bbox 339 2152 417 2209; x_wconf 87' lang='lat' dir='ltr'>esse</span> <span class='ocrx_word' id='word_1_112' title='bbox 431 2129 508 2199; x_wconf 90' lang='lat' dir='ltr'>vias</span> <span class='ocrx_word' id='word_1_113' title='bbox 528 2110 598 2226; x_wconf 71' lang='lat' dir='ltr'>per</span> <span class='ocrx_word' id='word_1_114' title='bbox 608 2152 700 2225; x_wconf 89' lang='lat' dir='ltr'>quas</span> <span class='ocrx_word' id='word_1_115' title='bbox 712 2127 860 2200; x_wconf 86' lang='lat' dir='ltr'>bilisab</span> <span class='ocrx_word' id='word_1_116' title='bbox 878 2131 969 2228; x_wconf 90' lang='lat' dir='ltr'>ipso</span> <span class='ocrx_word' id='word_1_117' title='bbox 983 2132 1132 2228; x_wconf 83' lang='lat' dir='ltr'>jecinore</span> 
     </span>
     <span class='ocr_line' id='line_1_17' title="bbox 141 2244 1133 2335; baseline 0.002 -19"><span class='ocrx_word' id='word_1_118' title='bbox 141 2244 187 2316; x_wconf 86' lang='lat' dir='ltr'>ad</span> <span class='ocrx_word' id='word_1_119' title='bbox 200 2246 374 2317; x_wconf 89' lang='lat' dir='ltr'>intestina</span> <span class='ocrx_word' id='word_1_120' title='bbox 385 2245 627 2335; x_wconf 82' lang='lat' dir='ltr'>amandatur&#39;3</span> <span class='ocrx_word' id='word_1_121' title='bbox 640 2261 681 2319; x_wconf 90' lang='lat' dir='ltr'>ut</span> <span class='ocrx_word' id='word_1_122' title='bbox 694 2247 767 2316; x_wconf 91' lang='lat' dir='ltr'>nisi</span> <span class='ocrx_word' id='word_1_123' title='bbox 780 2245 837 2316; x_wconf 87' lang='lat' dir='ltr'>hae</span> <span class='ocrx_word' id='word_1_124' title='bbox 850 2247 1001 2320; x_wconf 82' lang='lat' dir='ltr'>viaeaut</span> <span class='ocrx_word' id='word_1_125' title='bbox 1013 2271 1133 2320; x_wconf 76' lang='lat' dir='ltr'>exores</span> 
     </span>
     <span class='ocr_line' id='line_1_18' title="bbox 142 2364 1133 2463; baseline 0.004 -30"><span class='ocrx_word' id='word_1_126' title='bbox 142 2364 262 2447; x_wconf 83' lang='lat' dir='ltr'>centia</span> <span class='ocrx_word' id='word_1_127' title='bbox 270 2417 284 2463; x_wconf 73' lang='lat'>,</span> <span class='ocrx_word' id='word_1_128' title='bbox 296 2378 360 2433; x_wconf 91' lang='lat' dir='ltr'>aut</span> <span class='ocrx_word' id='word_1_129' title='bbox 375 2365 643 2435; x_wconf 88' lang='lat' dir='ltr'>constrictione</span> <span class='ocrx_word' id='word_1_130' title='bbox 655 2365 801 2461; x_wconf 86' lang='lat' dir='ltr'>aliqua,</span> <span class='ocrx_word' id='word_1_131' title='bbox 821 2380 888 2436; x_wconf 90' lang='lat' dir='ltr'>aut</span> <span class='ocrx_word' id='word_1_132' title='bbox 896 2366 1045 2453; x_wconf 62' lang='lat' dir='ltr'>viscida</span> <span class='ocrx_word' id='word_1_133' title='bbox 1055 2390 1133 2438; x_wconf 69' lang='lat' dir='ltr'>cras</span> 
     </span>
     <span class='ocr_line' id='line_1_19' title="bbox 142 2481 1135 2581; baseline 0.001 -30"><span class='ocrx_word' id='word_1_134' title='bbox 142 2504 257 2577; x_wconf 89' lang='lat' dir='ltr'>saque</span> <span class='ocrx_word' id='word_1_135' title='bbox 272 2481 448 2569; x_wconf 89' lang='lat' dir='ltr'>materia,</span> <span class='ocrx_word' id='word_1_136' title='bbox 467 2497 531 2552; x_wconf 88' lang='lat' dir='ltr'>aut</span> <span class='ocrx_word' id='word_1_137' title='bbox 550 2481 702 2553; x_wconf 83' lang='lat' dir='ltr'>calculis</span> <span class='ocrx_word' id='word_1_138' title='bbox 721 2482 795 2553; x_wconf 89' lang='lat' dir='ltr'>sive</span> <span class='ocrx_word' id='word_1_139' title='bbox 813 2484 853 2550; x_wconf 92' lang='lat' dir='ltr'>in</span> <span class='ocrx_word' id='word_1_140' title='bbox 867 2485 965 2581; x_wconf 91' lang='lat' dir='ltr'>ipsis</span> <span class='ocrx_word' id='word_1_141' title='bbox 983 2484 1135 2574; x_wconf 80' lang='lat' dir='ltr'>viis,sive</span> 
     </span>
     <span class='ocr_line' id='line_1_20' title="bbox 140 2597 1135 2705; baseline 0.005 -38"><span class='ocrx_word' id='word_1_142' title='bbox 140 2599 180 2667; x_wconf 89' lang='lat' dir='ltr'>in</span> <span class='ocrx_word' id='word_1_143' title='bbox 199 2597 354 2705; x_wconf 76' lang='lat' dir='ltr'>hepate,</span> <span class='ocrx_word' id='word_1_144' title='bbox 374 2600 449 2670; x_wconf 90' lang='lat' dir='ltr'>sive</span> <span class='ocrx_word' id='word_1_145' title='bbox 470 2600 581 2670; x_wconf 86' lang='lat' dir='ltr'>etiam</span> <span class='ocrx_word' id='word_1_146' title='bbox 600 2601 638 2669; x_wconf 93' lang='lat' dir='ltr'>in</span> <span class='ocrx_word' id='word_1_147' title='bbox 660 2601 752 2696; x_wconf 86' lang='lat' dir='ltr'>cysti</span> <span class='ocrx_word' id='word_1_148' title='bbox 770 2600 931 2697; x_wconf 86' lang='lat' dir='ltr'>genitis,</span> <span class='ocrx_word' id='word_1_149' title='bbox 954 2603 1021 2674; x_wconf 92' lang='lat' dir='ltr'>sed</span> <span class='ocrx_word' id='word_1_150' title='bbox 1039 2604 1135 2673; x_wconf 86' lang='lat' dir='ltr'>ineas</span> 
     </span>
     <span class='ocr_line' id='line_1_21' title="bbox 141 2676 1135 2816; baseline 0.003 -30"><span class='ocrx_word' id='word_1_151' title='bbox 141 2676 406 2804; x_wconf 49' lang='lat' dir='ltr'>viafextrusis,</span> <span class='ocrx_word' id='word_1_152' title='bbox 424 2715 671 2814; x_wconf 88' lang='lat' dir='ltr'>impediatur,</span> <span class='ocrx_word' id='word_1_153' title='bbox 688 2742 766 2787; x_wconf 91' lang='lat' dir='ltr'>non</span> <span class='ocrx_word' id='word_1_154' title='bbox 785 2719 905 2816; x_wconf 77' lang='lat' dir='ltr'>possit</span> <span class='ocrx_word' id='word_1_155' title='bbox 922 2718 1135 2791; x_wconf 86' lang='lat' dir='ltr'>bilariorun</span> 
     </span>
     <span class='ocr_line' id='line_1_22' title="bbox 142 2834 1136 2935; baseline 0.003 -32"><span class='ocrx_word' id='word_1_156' title='bbox 142 2834 294 2932; x_wconf 89' lang='lat' dir='ltr'>quidem</span> <span class='ocrx_word' id='word_1_157' title='bbox 314 2851 505 2906; x_wconf 90' lang='lat' dir='ltr'>meatuum</span> <span class='ocrx_word' id='word_1_158' title='bbox 526 2859 635 2906; x_wconf 89' lang='lat' dir='ltr'>causa</span> <span class='ocrx_word' id='word_1_159' title='bbox 654 2834 740 2907; x_wconf 89' lang='lat' dir='ltr'>bilis</span> <span class='ocrx_word' id='word_1_160' title='bbox 755 2836 794 2904; x_wconf 93' lang='lat' dir='ltr'>in</span> <span class='ocrx_word' id='word_1_161' title='bbox 810 2834 973 2934; x_wconf 84' lang='lat' dir='ltr'>hepate,</span> <span class='ocrx_word' id='word_1_162' title='bbox 991 2839 1136 2935; x_wconf 84' lang='lat' dir='ltr'>ideoque</span> 
     </span>
     <span class='ocr_line' id='line_1_23' title="bbox 140 2950 1136 3054; baseline 0.002 -32"><span class='ocrx_word' id='word_1_163' title='bbox 140 2952 220 3047; x_wconf 86' lang='lat' dir='ltr'>ejus</span> <span class='ocrx_word' id='word_1_164' title='bbox 238 2953 393 3023; x_wconf 81' lang='lat' dir='ltr'>materia</span> <span class='ocrx_word' id='word_1_165' title='bbox 411 2954 450 3022; x_wconf 93' lang='lat' dir='ltr'>in</span> <span class='ocrx_word' id='word_1_166' title='bbox 467 2954 562 3023; x_wconf 89' lang='lat' dir='ltr'>vasis</span> <span class='ocrx_word' id='word_1_167' title='bbox 578 2950 796 3051; x_wconf 83' lang='lat' dir='ltr'>sanguiferis</span> <span class='ocrx_word' id='word_1_168' title='bbox 810 2953 858 3024; x_wconf 85' lang='lat' dir='ltr'>ad</span> <span class='ocrx_word' id='word_1_169' title='bbox 879 2956 1034 3054; x_wconf 85' lang='lat' dir='ltr'>regium</span> <span class='ocrx_word' id='word_1_170' title='bbox 1050 2979 1136 3027; x_wconf 72' lang='lat' dir='ltr'>mon</span> 
     </span>
     <span class='ocr_line' id='line_1_24' title="bbox 138 3065 1133 3157; baseline 0.002 -17"><span class='ocrx_word' id='word_1_171' title='bbox 138 3066 230 3140; x_wconf 92' lang='lat' dir='ltr'>bum</span> <span class='ocrx_word' id='word_1_172' title='bbox 250 3065 494 3140; x_wconf 86' lang='lat' dir='ltr'>efficiendum</span> <span class='ocrx_word' id='word_1_173' title='bbox 511 3071 676 3140; x_wconf 91' lang='lat' dir='ltr'>retineri.</span> <span class='ocrx_word' id='word_1_174' title='bbox 691 3070 912 3142; x_wconf 89' lang='lat' dir='ltr'>Cavendum</span> <span class='ocrx_word' id='word_1_175' title='bbox 927 3089 1057 3145; x_wconf 89' lang='lat' dir='ltr'>autem</span> <span class='ocrx_word' id='word_1_176' title='bbox 1073 3085 1133 3157; x_wconf 84' lang='lat' dir='ltr'>est,</span> 
     </span>
     <span class='ocr_line' id='line_1_25' title="bbox 140 3185 1135 3288; baseline 0.006 -35"><span class='ocrx_word' id='word_1_177' title='bbox 140 3186 391 3282; x_wconf 86' lang='lat' dir='ltr'>nequandoin</span> <span class='ocrx_word' id='word_1_178' title='bbox 400 3203 570 3257; x_wconf 89' lang='lat' dir='ltr'>veterum</span> <span class='ocrx_word' id='word_1_179' title='bbox 587 3185 875 3257; x_wconf 86' lang='lat' dir='ltr'>observatorum</span> <span class='ocrx_word' id='word_1_180' title='bbox 883 3191 1059 3282; x_wconf 86' lang='lat' dir='ltr'>vocibus,</span> <span class='ocrx_word' id='word_1_181' title='bbox 1070 3190 1135 3288; x_wconf 91' lang='lat' dir='ltr'>qui·</span> 
     </span>
     <span class='ocr_line' id='line_1_26' title="bbox 138 3300 1135 3401; baseline 0.004 -30"><span class='ocrx_word' id='word_1_182' title='bbox 138 3300 211 3372; x_wconf 92' lang='lat' dir='ltr'>bus</span> <span class='ocrx_word' id='word_1_183' title='bbox 230 3303 277 3373; x_wconf 93' lang='lat' dir='ltr'>ad</span> <span class='ocrx_word' id='word_1_184' title='bbox 296 3300 535 3401; x_wconf 85' lang='lat' dir='ltr'>hepaticum,</span> <span class='ocrx_word' id='word_1_185' title='bbox 560 3319 625 3374; x_wconf 89' lang='lat' dir='ltr'>aut</span> <span class='ocrx_word' id='word_1_186' title='bbox 648 3328 894 3376; x_wconf 91' lang='lat' dir='ltr'>communem</span> <span class='ocrx_word' id='word_1_187' title='bbox 923 3307 1080 3380; x_wconf 88' lang='lat' dir='ltr'>ductum</span> <span class='ocrx_word' id='word_1_188' title='bbox 1098 3305 1135 3376; x_wconf 91' lang='lat' dir='ltr'>si·</span> 
     </span>
     <span class='ocr_line' id='line_1_27' title="bbox 139 3418 1134 3517; baseline 0.006 -29"><span class='ocrx_word' id='word_1_189' title='bbox 139 3418 396 3517; x_wconf 84' lang='lat' dir='ltr'>gnificandum</span> <span class='ocrx_word' id='word_1_190' title='bbox 417 3419 836 3511; x_wconf 84' lang='lat' dir='ltr'>utebantur,erremus,</span> <span class='ocrx_word' id='word_1_191' title='bbox 853 3449 937 3494; x_wconf 91' lang='lat' dir='ltr'>uon</span> <span class='ocrx_word' id='word_1_192' title='bbox 951 3424 1072 3513; x_wconf 91' lang='lat' dir='ltr'>hunc,</span> <span class='ocrx_word' id='word_1_193' title='bbox 1083 3418 1134 3494; x_wconf 86' lang='lat' dir='ltr'>sed</span> 
     </span>
    </p>
   </div>
   <div class='ocr_carea' id='block_1_3' title="bbox 0 0 1304 4514">
    <p class='ocr_par' dir='ltr' id='par_1_4' title="bbox 0 0 1304 4514">
     <span class='ocr_line' id='line_1_28' title="bbox 0 0 1304 4514; baseline 0 0"><span class='ocrx_word' id='word_1_194' title='bbox 0 0 1304 4514; x_wconf 95' lang='lat' dir='ltr'> </span> 
     </span>
    </p>
   </div>
  </div>
 </body>
</html>
