2580 4514
162 384 233 467 uid
318 402 365 447 nr
391 400 536 448 scurrus
561 400 604 446 ur
630 399 753 447 causis
778 400 988 449 monacnum

165 532 253 591 sect.
269 519 354 601 XV,
365 514 412 586 de
426 514 588 585 mucosis
607 512 832 610 quibusdam
852 531 889 586 et
905 515 1069 589 subalbis
1079 542 1138 589 sor·

165 635 297 721 dibus,
315 633 480 731 epodice
501 630 699 702 interdum·
711 631 1011 729 prodeuntibus,
1029 660 1101 732 que
1110 651 1139 705 ut

164 751 360 822 nonnullis
379 772 451 847 pro
475 773 569 848 pure
587 749 855 846 imposuerint,
879 774 900 819 a
927 751 1080 824 medicis
1099 768 1139 822 u·

165 894 253 940 men
276 868 498 939 doctissimis
519 869 650 964 agnitae
674 882 761 937 sunt
783 892 863 937 non
886 888 997 940 secus
1021 869 1066 940 ab
1086 869 1140 939 ha·

163 984 486 1058 morrhoidalibus
499 985 605 1055 venis
616 986 787 1072 excerni,
807 1008 919 1081 quam
947 1009 1045 1084 saepe
1059 985 1142 1056 albus

164 1102 264 1174 lluor
280 1103 295 1198 (
314 1128 397 1200 quoe
425 1103 656 1200 comparatio
684 1116 764 1172 erat
792 1103 946 1191 Plateri,
966 1105 1006 1173 in
1035 1103 1141 1176 iisdem

164 1221 317 1292 scholiis
333 1219 499 1315 laudati)
519 1219 566 1290 ab
590 1221 687 1290 uteri
705 1222 802 1292 vasis
821 1219 963 1318 absque
978 1222 1057 1294 ulla
1071 1222 1144 1293 ulce

162 1341 216 1410 ris
230 1338 442 1434 suspicione
460 1352 691 1407 excernatur.
704 1337 817 1426 Quod
831 1363 851 1409 a
863 1353 900 1409 te
913 1337 1025 1411 facile
1038 1338 1145 1411 eaden

164 1458 313 1526 ratione
329 1455 576 1552 explicabitur
587 1480 661 1552 qua
677 1456 862 1551 ejusmodi
873 1460 1067 1529 uterinum
1080 1456 1147 1528 ssue

165 1598 245 1645 rem
267 1596 288 1641 a
308 1571 420 1644 nobis
442 1573 480 1641 in
495 1576 547 1644 lV
564 1571 793 1645 Adversariis
806 1573 859 1670 (1)
875 1576 1099 1673 explicatum
1108 1577 1147 1644 ri·

167 1691 290 1778 debis-3
309 1690 490 1760 nimirum
506 1692 558 1777 si,
573 1689 641 1786 qui
660 1714 833 1761 vasorum
856 1682 981 1763 hiatus
998 1692 1148 1765 effunde·

166 1805 259 1877 bunt
274 1807 514 1903 sanguinem,
534 1828 620 1877 cum
643 1808 759 1904 magis
777 1806 975 1905 patebant,
997 1810 1147 1895 eosdem,

166 1910 246 1995 non
266 1938 438 2023 prorsus,
453 1924 518 1996 sed
535 1926 651 2024 magis
659 1939 785 1997 tamen
803 1925 1022 2015 adstrictos,
1048 1914 1148 2009 sinere
1183 1854 1186 1979 l

166 2043 375 2140 intelligas,
412 2069 491 2114 non
525 2045 745 2142 sanguinem
778 2024 959 2142 amplius,
992 2046 1063 2118 sed
1088 2045 1147 2142 ejus

168 2161 346 2233 duntaxat
363 2186 508 2248 serum,
526 2161 710 2232 viscidum
734 2186 803 2258 per
821 2182 860 2233 se
876 2164 915 2231 in
938 2160 1145 2261 quibusdam
1184 2240 1186 2247 ,

167 2294 232 2349 aut
246 2302 351 2350 mora
366 2302 564 2351 mucosum
584 2276 722 2349 factum
733 2280 870 2353 sensim
883 2279 1146 2370 destinarem

167 2419 188 2465 a
217 2398 461 2468 recrementis
494 2420 714 2494 expressum
740 2397 908 2468 transire.
941 2388 1029 2469 Huc
1052 2393 1145 2468 babai

165 2535 250 2608 'quac
262 2513 308 2585 de
323 2513 662 2585 haemorrhoidibus
674 2513 926 2612 adjungerem.
941 2515 1045 2586 Vale.

205 2838 251 2915 lt)
271 2840 409 2911 Animad.
426 2859 474 2910 27.
