2580 4514
244 333 313 432 592
408 354 455 400 nr
479 352 625 401 seorsus
650 355 693 400 ar
719 352 844 407 causis
870 354 1091 409 moruorum
1276 380 1279 413 t

242 494 327 541 mus
346 469 545 567 septimus,
572 465 761 538 diarrhoea
785 492 863 566 qua
891 487 1012 544 antea
1034 476 1148 548 multa
1163 477 1234 553 flur

243 603 281 659 et
296 586 411 658 fluida
430 609 581 683 egerere
596 599 683 655 octo
704 599 767 655 aut
786 584 925 659 decem
952 589 1096 666 diebus
1115 620 1237 671 consue

244 719 362 790 verat,
378 727 545 774 mensem
568 726 664 801 pene
682 716 804 772 totum
825 701 1025 796 detinuit,
1055 712 1236 809 prodeunte

244 823 436 892 variorum
465 821 635 892 colorum
658 820 839 908 materia,
864 820 1112 926 plerumque
1141 846 1236 905 aute·
1277 830 1279 907 !

246 939 361 1010 cruda
380 956 418 1013 et
433 962 580 1026 serosa,
598 961 668 1008 nec
687 938 766 1009 sine
784 961 934 1034 spuma.
956 946 1057 1035 Quae
1075 946 1235 1023 diarrhm
1277 920 1279 937 Ι

246 1083 332 1129 cum
343 1073 435 1157 aptae
447 1057 650 1129 curationis
665 1079 737 1153 ope
750 1053 948 1149 desiisset,
962 1087 1084 1156 mox,
1098 1053 1238 1167 neglecti
1278 1134 1280 1147 ,

244 1177 395 1248 vivendi
411 1199 561 1259 norma,
579 1173 638 1243 vel
651 1174 797 1270 gravior
814 1199 974 1249 reversa
988 1197 1062 1253 est.
1083 1187 1239 1284 Conquie·

244 1309 349 1365 verat
362 1296 517 1380 iterum,
537 1317 623 1362 cum
638 1306 778 1362 tremor
790 1293 871 1389 jam
890 1294 944 1367 ab
965 1298 1134 1375 ineunte
1147 1327 1237 1401 usque
1278 1304 1280 1321 '

244 1427 348 1485 aetate
360 1413 584 1499 levissimus,
599 1408 736 1480 deinde
750 1426 834 1508 post
848 1414 1024 1509 primam
1042 1421 1148 1492 illam
1155 1445 1238 1520 agro
1277 1466 1280 1497 t

244 1535 423 1604 tationem
443 1545 523 1602 toto
542 1542 702 1625 corpore
728 1526 991 1621 manifestior,
1015 1536 1179 1612 subinde
1192 1564 1237 1611 au

245 1664 322 1721 tem
349 1649 396 1722 ab
424 1649 496 1719 alvi
519 1644 680 1718 fluxibus
703 1645 852 1743 gravior
875 1645 1031 1741 iactus,
1054 1659 1175 1728 socias
1189 1656 1237 1729 sibi
1278 1722 1281 1753 ,

244 1792 360 1838 novas
377 1765 556 1864 quasdam
578 1762 710 1861 capitis
728 1761 953 1838 affectiones
977 1770 1155 1845 adscivit.
1168 1777 1236 1847 cm
1279 1814 1281 1865 ;

244 1901 400 1983 propter
411 1884 515 1955 illum
532 1899 735 1954 tremorem
742 1882 820 1978 jam
831 1882 924 1954 olim
937 1888 1115 1981 medici,
1128 1890 1238 1991 quihus
1279 1870 1281 1897 Ι

244 2003 458 2102 diligentius
473 1999 682 2101 parendum
700 1997 843 2089 fuerat,
869 2009 1083 2102 generosis
1099 1978 1240 2082 vinisiu·

243 2120 498 2209 terdixissent‚
520 2118 569 2190 ob
585 2118 652 2190 has
665 2132 788 2189 autem
800 2142 919 2190 novas
939 2119 1239 2224 affectionespu·

243 2262 325 2317 cam
334 2238 746 2336 sanguinismissioncm
760 2237 1030 2333 permisissent
1039 2268 1052 2331 ;
1062 2242 1103 2313 in
1116 2266 1240 2316 summo

243 2352 357 2454 hujus
377 2370 643 2429 concremento
662 2370 842 2442 crustam,
856 2368 894 2425 et
914 2352 1022 2429 hanc
1039 2387 1090 2433 ex
1110 2360 1241 2433 dimidia

244 2492 348 2576 parte
376 2476 502 2548 colore
524 2473 635 2553 viridi
655 2487 944 2572 conspexerunt.
972 2480 1183 2551 Curatione
1197 2492 1241 2551 ta-

242 2619 330 2665 men
345 2609 559 2692 opportuna
574 2589 759 2679 adhibita,
774 2590 851 2686 jam
868 2590 998 2681 vires,
1029 2596 1159 2687 color,
1182 2593 1243 2667 cibi

244 2714 449 2811 appetitus,
465 2712 658 2782 urinarum
676 2710 782 2806 copia
798 2709 851 2779 sic
873 2711 965 2782 satis
976 2715 1139 2817 ¹restitui
1154 2712 1242 2785 vidc-

242 2829 399 2917 hantur,
420 2853 506 2901 cum
522 2825 723 2925 pertaedere
739 2849 878 2925 aegrum
897 2830 1038 2925 coepit,
1060 2857 1187 2930 neque
1198 2830 1242 2901 ul·

243 2963 299 3019 tra
315 2946 414 3018 diem
433 2947 662 3044 trigesimum
682 2944 737 3014 uti
754 2968 832 3014 uon
851 2943 1062 3021 inutilibus
1081 2948 1242 3023 remediis

242 3065 371 3137 voluit.
397 3063 453 3135 Ad
473 3064 609 3134 horum
629 3063 869 3134 omissionem
894 3086 988 3133 mox
1007 3078 1242 3143 accesserunt

242 3185 397 3255 violenti
425 3183 594 3280 corporis
621 3195 658 3253 et
678 3181 798 3250 animi
822 3193 962 3251 motus.
992 3186 1138 3275 Quos,
1159 3188 1242 3257 inm

164 3376 171 3389 ‚
242 3301 457 3400 quindecim
476 3299 523 3371 ab
544 3299 745 3369 omissione
773 3297 1036 3371 remediorum
1060 3303 1165 3395 dies,
1185 3304 1240 3375 ini·

241 3421 335 3491 tium
353 3432 508 3515 repente
532 3416 676 3514 excepit
696 3413 833 3487 funesti
852 3415 995 3490 morbi.
1016 3419 1241 3503 Abdomeu.

240 3535 345 3635 quod
364 3560 458 3632 saepc
472 3549 581 3605 antea
593 3559 615 3603 a
631 3533 758 3604 multis
773 3531 924 3605 flatibus
937 3548 1177 3629 tumescere,
1188 3534 1241 3613 sed

240 3680 330 3727 mox
348 3655 602 3726 detumescere
616 3664 882 3741 consueverat,
899 3653 1060 3729 assiduo
1074 3658 1242 3733 molestie

240 3777 412 3870 simoquc
425 3786 573 3841 tumore
580 3768 825 3868 teudicoepit,
842 3784 881 3843 et
892 3795 1017 3847 manu
1029 3798 1240 3876 percussum

242 3892 410 3988 tympani
424 3891 542 3960 instar
556 3910 753 3959 resonare:
775 3902 924 3963 tumere
942 3893 1065 3969 etiam
1079 3892 1243 3974 nonnihil
