2580 4514
151 375 218 423 aia.
241 377 301 425 ιιι.
328 378 378 424 nr
403 375 729 432 normannnis,
755 377 866 425 rerer.
889 380 1011 425 xxxrv.
1041 355 1110 431 255

123 504 248 576 temet
263 487 336 561 sub
344 512 458 561 mauu
469 512 651 561 resonans
661 490 770 585 quasi
783 503 825 561 ut
840 490 1112 590 intympanite,

129 630 190 678 nan
203 622 282 680 erat
302 622 424 681 taetus
440 607 499 678 vel
520 606 632 705 paulo
653 586 821 697 rudioris·
838 609 1037 707 impatiens
1064 637 1112 684 ne

134 722 375 823 'uepigastrio
396 721 573 823 quidem,
597 724 664 796 ubi
684 725 867 822 quosdam
887 729 992 824 quasi
1012 752 1112 799 mor·

135 860 280 941 suaseger
295 840 490 914 sentiebat.
510 845 605 914 Cum
624 866 831 939 quaererem
848 867 897 913 an
919 846 1030 916 etiam
1051 871 1113 917 ca·

136 952 255 1029 luem?
272 957 445 1058 negabat.
461 958 595 1030 Pulsus
607 956 787 1032 hesterno
801 961 840 1030 in
855 962 994 1032 ceteris
1011 964 1112 1033 simi-

133 1072 180 1163 tis,
199 1074 404 1149 sedamen
425 1075 547 1147 multo
570 1071 815 1174 frequentior.
841 1078 984 1176 Lingua
1003 1081 1111 1152 sicca.

130 1192 307 1265 Uriuarum
328 1193 435 1281 color
451 1208 613 1283 saturus.
629 1191 706 1265 Sub
725 1193 844 1266 oculis
866 1195 982 1283 livor,
1002 1211 1039 1268 et
1053 1197 1111 1269 vel

123 1308 190 1383 aba
203 1309 277 1383 boc
293 1307 407 1384 facies
417 1334 503 1409 quae
515 1312 641 1384 minus
650 1310 825 1410 placeret.
837 1315 918 1383 Nox
931 1313 1110 1411 inquieta.

120 1426 177 1500 uie
194 1453 297 1503 nona
314 1430 442 1500 omnia
455 1429 586 1501 eadem
602 1456 610 1500 :
629 1430 707 1500 imo
727 1426 838 1501 facies
854 1446 891 1502 et
905 1431 1032 1529 pulsus
1049 1457 1111 1530 pe·

118 1543 214 1637 iores.
233 1547 280 1616 Hi
301 1547 403 1618 enim
417 1545 477 1620 vel
492 1548 608 1645 magis
627 1563 733 1619 erant
752 1545 969 1646 frequentes
990 1577 998 1620 :
1023 1575 1111 1621 cum

119 1660 231 1737 utem
264 1687 479 1763 premeres,
502 1666 629 1736 minus
652 1665 875 1739 resistebant
908 1683 974 1738 aut
1002 1666 1109 1738 nihil.

119 1778 173 1855 [lla
189 1782 335 1854 adeam
356 1781 557 1857 accedebat
575 1806 691 1880 quam
717 1798 854 1854 vocant
874 1785 1111 1882 Hippocrati·

119 1920 186 1973 nm
197 1899 258 1998 (⁴).
275 1903 320 1973 Et
342 1924 429 1972 cum
446 1901 579 1972 anxius
592 1900 849 1998 superioribus
868 1901 1002 1974 diebus
1015 1928 1112 2001 aeger

119 2031 219 2105 net,
237 2040 280 2088 ac
295 2041 389 2089 uoce
400 2015 527 2103 flebili,
538 2033 575 2088 et
593 2019 763 2116 corporis
773 2018 1110 2118 membrorumque

119 2133 215 2207 itum
230 2148 395 2206 mutaret
406 2133 635 2223 identidem3
649 2135 727 2206 haec
745 2152 881 2208 cuncta
896 2139 1014 2235 magis
1027 2138 1106 2209 ani·

119 2250 365 2325 advertisses
383 2238 454 2325 bac
480 2252 552 2333 die.
568 2255 678 2324 ·Nam
702 2269 835 2350 praeter
862 2253 1034 2326 dolorem
1063 2256 1105 2326 in

119 2382 178 2451 uto
188 2383 322 2441 ventre
339 2369 484 2442 assidue
500 2384 750 2468 perstantem,
767 2396 962 2443 morsuum
974 2397 1104 2446 sensus

119 2512 167 2565 Ι
192 2487 389 2560 intervalla
407 2487 473 2560 bic
494 2486 571 2560 illic
592 2488 811 2561 recurrebat
833 2515 920 2560 cum
940 2491 1104 2589 ubique,

119 2628 181 2679 un
207 2607 249 2676 in
274 2606 479 2704 epigastrio
497 2607 711 2703 prasertim.
732 2606 865 2677 Nullus
891 2623 990 2687 erat,
1016 2632 1104 2678 uam

119 2723 276 2820 tamiri,
298 2723 453 2822 pulsans
468 2722 602 2812 dolor,
626 2724 730 2794 nulla
748 2748 905 2821 usquam
930 2723 1103 2819 pulsatio.

119 2843 174 2934 icc,
193 2839 308 2911 dolor
322 2866 439 2939 quern
461 2842 502 2912 iu
527 2857 653 2913 scroto
676 2856 742 2912 aut
770 2842 940 2937 proxima
964 2844 1106 2913 ventris

120 2972 205 3033 arae
231 2958 435 3048 sentiebat,
453 2973 533 3032 erat
558 2957 617 3030 his
646 2959 788 3030 ultimis
818 2958 951 3030 diebus
978 2961 1106 3057 praeci·

120 3100 205 3151 uus.
232 3079 418 3151 Ceterum
444 3101 532 3148 eum
562 3076 718 3176 pulsum
740 3092 945 3165 tentarem,
969 3079 1105 3149 siccam

120 3194 254 3269 uidem
277 3210 314 3267 et
330 3220 501 3294 asperam
523 3210 671 3284 cutem,
689 3220 759 3265 nec
777 3209 903 3267 tamen
920 3221 1033 3294 aequo*
1047 3222 1107 3269 ca·

120 3312 276 3387 dionem
293 3312 648 3386 animadvertebam.
665 3313 759 3384 Cibo
772 3330 940 3411 sumpte,
956 3316 1106 3388 melius·

120 3431 180 3505 ule
205 3430 385 3505 babebat,
414 3431 546 3505 Levari
577 3455 731 3528 queque
763 3455 802 3502 se
830 3430 1001 3523 dicebat3
1020 3458 1108 3505 ene·

120 3563 194 3625 tate
206 3547 276 3621 illo
290 3573 337 3620 ex
355 3548 471 3638 oleis,
488 3565 526 3621 et
536 3548 681 3647 pridie,
703 3572 791 3620 cum
811 3548 976 3621 inditum
998 3565 1107 3638 esset,

120 3664 397 3741 mfimaverat.
425 3667 504 3739 Hac
527 3685 653 3740 autem
681 3665 743 3738 die
762 3670 849 3738 eum
868 3666 1032 3738 alterum
1050 3667 1110 3737 in·

132 3930 180 4011 (')-
195 3932 405 4007 fficnapectua
418 3932 504 3991 faciei
526 3933 635 3991 metius
658 3933 808 3992 diceretur
830 3933 1034 4002 cadaverosus,
1060 3950 1112 3988 sen

120 4031 658 4112 epau,1t·ipsedtcuutppoemes.
680 4032 865 4111 (Ammaia
875 4032 1005 4109 edem.)
