2580 4514
238 373 285 445 32
405 395 452 440 nr
478 377 626 440 snmnus
652 393 695 438 nr
722 391 845 439 causis
871 393 1080 443 Moaoonuu

237 509 388 581 ultimas
406 521 527 605 guttas
540 519 697 578 ventum
717 506 782 594 sit,
795 530 887 602 quas
903 503 1052 577 infirma
1069 508 1125 579 vis
1142 534 1247 584 mus*

238 627 412 698 culorum
422 625 498 721 jam
510 623 661 719 nequit,
672 637 714 693 ut
727 621 952 694 invalidiore
962 639 1243 723 aetate‚prorsus

238 742 434 842 expellere.
454 742 512 812 Sic
532 742 642 811 etiam
660 740 698 810 in
714 739 780 810 illo
797 725 877 811 viro
892 741 1129 838 prioresboli
1143 745 1244 819 inse·

237 861 435 958 quentium
444 857 613 956 pondere
624 850 946 955 propellebantur,
956 859 1078 954 donec
1087 860 1242 934 ultimus

237 1001 283 1048 eo
307 976 445 1047 auxilio
466 998 620 1062 careus,
642 998 663 1044 a
682 973 888 1072 pharyngis
912 991 1038 1049 autem
1062 980 1243 1052 musculis

236 1118 315 1164 non
334 1093 419 1164 satis
435 1091 606 1187 adjutus,
619 1106 818 1188 cogeretur
831 1080 1042 1164 subsistere.

289 1209 342 1283 15.
364 1209 436 1281 Sed
450 1224 489 1279 ut
503 1208 592 1296 hoc,
602 1223 639 1281 et
651 1209 833 1307 pleraque
846 1209 893 1280 de
906 1209 1046 1306 quibus
1058 1211 1242 1285 hactenus

236 1328 379 1401 dictum
409 1340 486 1411 est,
512 1327 600 1398 vitia
619 1325 673 1426 'ad
700 1325 958 1424 pharyngem,
986 1342 1023 1399 et
1052 1330 1242 1425 proximas

235 1447 325 1518 huic
345 1458 470 1542 partes
484 1442 711 1530 attinebant,
723 1444 775 1515 sic
788 1444 858 1513 alia
878 1445 917 1514 in
939 1430 1147 1544 oesophag'o
1159 1448 1240 1544 ipso

235 1563 412 1634 vicinisve
429 1560 462 1629 ei
475 1559 647 1658 partibus
668 1575 881 1651 occurrunt.
904 1563 960 1632 De
974 1563 1238 1654 convulsione,

119 1751 123 1759 ,
220 1695 272 1752 -et
285 1677 445 1777 paralysi
463 1675 560 1746 nihil
575 1691 630 1748 est
641 1700 739 1775 opus
752 1678 897 1748 iterare.
916 1681 1011 1751 Sunt
1027 1695 1153 1752 autem
1170 1682 1241 1753 alia

127 1806 132 1813 “
192 1801 210 1811 ”
234 1799 332 1886 duo,
351 1797 451 1868 inter
467 1818 505 1866 se
529 1796 670 1891 pariter
690 1797 902 1883 contraria,
918 1796 1022 1885 vitia,
1040 1822 1123 1894 quae
1142 1795 1241 1868 diffi.

234 1915 343 1987 cilem
361 1913 507 2012 possint
525 1908 939 2009 faceredeglutitionem
954 1914 1239 2011 ,glandularum

233 2031 429 2130 oesophagi
439 2028 673 2126 ariditas(1),
684 2044 721 2100 et
732 2029 960 2104 oedematosa
971 2035 1159 2130 turgentia
1170 2033 1237 2131 (α).

232 2156 411 2223 Praeterea
437 2147 671 2219 exulceratur
695 2148 781 2246 gula
805 2147 1033 2246 aliquando:
1058 2150 1167 2246 cujus
1184 2138 1239 2224 rei

225 2268 349 2340 -lrabes
362 2268 401 2336 in
420 2263 668 2362 Sepulchreto
684 2265 738 2362 (3)
749 2265 992 2338 memorabile
1010 2268 1236 2365 exemplum.

232 2391 278 2458 Et
293 2407 513 2484 quanquam
530 2383 653 2480 ipsum
669 2406 791 2481 perse
808 2383 916 2454 ulcus
934 2384 964 2455 si
978 2383 1237 2474 dolorificum,

232 2519 296 2576 aut
328 2502 458 2574 saltem
485 2501 515 2571 si
544 2499 713 2598 amplum
738 2501 809 2586 sit,
837 2515 901 2571 aut
930 2502 1237 2598 prominentibus

231 2621 365 2708 labris,
391 2617 603 2714 cujusmodi
624 2632 703 2688 erat
726 2642 747 2687 a
772 2621 944 2689 Brunero
964 2619 1059 2713 (A),
1083 2618 1146 2690 hic
1167 2621 1237 2693 tibi

162 2830 164 2835 Α
230 2734 481 2838 perlegend0,
501 2749 765 2833 conspectum,
785 2734 1042 2832 deglutitionis
1057 2761 1129 2809 usu
1144 2761 1235 2834 pro·
1261 2807 1263 2815 ,

180 2926 185 2948 χ
229 2855 359 2955 hibet;
381 2869 505 2924 tamen
527 2853 585 2923 vel
613 2854 644 2923 si
672 2852 768 2923 nihil
793 2877 925 2924 eorum
955 2867 1030 2940 est,
1050 2853 1234 2952 ulcusque

129 2988 138 3000 ”
229 2977 349 3073 ipsum
364 2971 410 3041 ad
426 2972 620 3042 sanitatem
634 2986 803 3067 spectare
816 2972 967 3068 incipit,
984 2984 1048 3041 aut
1065 2996 1110 3064 ea
1126 2988 1233 3070 parte

228 3093 339 3164 etiam
357 3089 549 3186 pervenit3
567 3089 723 3159 existere
735 3086 838 3156 haud
857 3112 943 3157 raro
960 3112 1060 3160 exeo
1073 3104 1233 3186 possunt

210 3233 310 3306 ·quae
321 3204 472 3277 obstent
494 3196 751 3302 deglutitioni,
775 3219 817 3278 ut
839 3204 1066 3293 caruncula,
1094 3207 1232 3289 callus,

263 3543 307 3620 (ι)
327 3543 402 3618 Eph.
418 3545 456 3598 N.
472 3543 505 3598 C.
525 3551 603 3598 cent.
621 3560 651 3610 r,
668 3540 795 3615 append.
810 3560 840 3596 u.
859 3560 908 3610 ιο,
926 3542 990 3599 obs.
1008 3539 1072 3597 162.

264 3641 307 3720 (a)
328 3643 469 3700 Earumd.
480 3638 599 3710 cent.5,
611 3639 675 3695 obs.
691 3638 743 3715 59,
758 3640 843 3696 ubil.
858 3642 900 3696 M.
912 3641 1022 3699 Hoffm.
1035 3651 1065 3697 et
1079 3639 1229 3699 Benedirt.

224 3742 368 3820 Sylvaric.
388 3743 526 3801 citantur.

261 3843 305 3920 (3)
325 3844 361 3897 In
371 3840 514 3897 additam.
527 3839 566 3895 ad
576 3839 664 3895 hane.
682 3850 751 3898 sect.
765 3839 830 3896 obs.
848 3856 873 3894 ι.

261 3941 305 4019 (4)
328 3940 434 3997 Gland.
450 3939 581 3998 duoden.
599 3959 624 3996 c.
641 3958 686 3995 10.
