2580 4514
142 399 187 447 92
306 391 352 444 DE
379 392 523 446 seuleus
549 400 593 447 ΕΤ
619 392 742 445 ctusls
768 390 976 445 MORBORUM

142 512 286 582 Atticus
304 535 395 582 vero
410 514 478 581 VII
498 526 534 582 et
548 515 645 582 LXX
664 535 784 583 annos
806 511 1069 608 compleverat.
1089 513 1148 582 Sic

142 628 272 707 mirari
291 652 369 698 non
384 642 534 725 oportet
544 629 762 699 Suetonium
773 627 827 724 (1)
838 682 848 716 ,
861 653 947 700 cum
956 628 1147 701 Tiberium

142 746 312 843 scripsit,
338 747 420 817 cibo
438 771 515 843 per
540 745 784 842 quatriduum
800 748 1039 832 abstinuisse,
1068 771 1147 816 non

142 862 259 935 modo
278 863 371 960 quid
391 889 496 935 noxae
512 863 600 934 inde
625 863 819 951 retulerit,
838 889 918 935 non
942 863 1122 959 adjecisse
1138 891 1148 952 ;

143 981 223 1053 imo
246 996 288 1051 ut
311 983 507 1072 confestim
527 985 669 1054 Ostiam
687 980 933 1069 descenderit,
952 981 1148 1069 docuisse3

141 1095 311 1170 Tiberius
329 1100 429 1171 enim
448 1115 538 1173 tnnc
556 1115 634 1172 erat
652 1101 812 1171 maxime
825 1101 1014 1172 constanti
1030 1115 1148 1171 aetate.

141 1216 207 1287 His
223 1215 293 1286 alia
314 1216 392 1314 ipse
402 1218 598 1313 juniorum
614 1214 784 1315 exempla
796 1216 930 1290 addes:
946 1240 1018 1288 nec
1031 1215 1150 1306 facile,

143 1332 309 1429 opinor,
341 1336 536 1431 reperies,
571 1334 638 1407 ubi
665 1335 710 1405 ad
740 1359 879 1433 pueros
911 1332 1150 1431 infantesque

142 1452 385 1546 perveneris,
413 1454 480 1547 qni
509 1451 722 1524 istiusmodi
747 1453 891 1547 jejunia
915 1454 965 1523 sic
982 1451 1150 1523 tulerint.

141 1568 219 1638 Nec
228 1591 319 1637 vero
332 1593 376 1638 ex
390 1567 547 1639 Fernelii
561 1567 616 1664 (a)
632 1567 893 1641 observatione
908 1567 1003 1639 mihi
1017 1565 1150 1638 foetum

144 1681 299 1778 objicias
314 1686 380 1781 qni
400 1684 574 1757 mirando
590 1710 678 1757 sane
697 1686 870 1781 exemplo
890 1684 1071 1758 bimestre
1093 1690 1152 1781 je-

143 1801 292 1894 junium
312 1801 459 1875 videtur
477 1804 684 1900 pertulisse.
706 1805 801 1874 Nam
822 1805 891 1874 etsi
912 1819 1031 1874 mater
1052 1827 1153 1899 quae,

144 1915 375 1988 adstantium
398 1925 563 1991 omnium
575 1920 756 2015 judicia,
783 1920 878 1990 nihil
899 1922 972 1992 cibi
987 1935 1151 2017 potusve

145 2035 309 2106 bimestri
332 2051 497 2134 tempore
524 2053 704 2125 vorasset,
727 2038 880 2110 tandem
905 2039 944 2108 in
966 2053 1152 2125 extrema,

145 2176 220 2248 qua
241 2149 497 2241 confectam,
515 2153 619 2227 febre
636 2154 754 2226 edidit
760 2169 937 2255 partam,
950 2179 1059 2251 quem
1069 2160 1152 2224 vitoe

143 2275 372 2368 superstitem
381 2270 545 2370 reliquit;
556 2287 681 2344 mmen
692 2273 1006 2369 quotiescumque
1020 2271 1149 2342 eibum

144 2402 327 2483 potumve
354 2388 402 2460 ad
429 2387 598 2464 infimam
628 2414 748 2487 usque
775 2388 971 2486 oesophagi
1003 2405 1151 2486 partem

147 2503 397 2594 detrudebat,
421 2506 509 2579 inde
529 2531 620 2578 vero
649 2531 738 2577 mox
759 2506 973 2579 retrahebat
995 2507 1152 2603 'rejicie-

141 2619 304 2720 batqne,
325 2622 504 2695 credibile
529 2636 603 2713 est,
626 2648 775 2722 semper
796 2624 960 2721 aliquam
988 2626 1151 2723 ingesto-

141 2765 228 2810 rum
262 2741 478 2837 portionem
514 2742 617 2813 ultro
650 2743 821 2838 citroque
856 2742 1150 2811 commeantium

142 2857 383 2931 absorbentia
419 2859 549 2932 oscula
581 2861 688 2949 oris,
723 2858 918 2945 l'aucinm,
953 2858 1150 2957 oesophagi

141 2974 319 3063 subiisse,
335 2979 464 3074 sicque
480 2976 579 3053 hanc
599 3002 678 3047 non
697 3000 802 3048 secus
820 2974 1085 3072 quadantenus
1105 3000 1148 3045 ac

141 3093 211 3164 alia
233 3092 384 3190 gravida
401 3094 501 3191 apud
522 3093 724 3165 Hildanum
752 3094 827 3192 (3)
848 3119 916 3192 per
942 3093 1042 3165 solos
1071 3091 1147 3163 fere

141 3209 318 3306 clysteres
330 3213 540 3283 nutrientes
556 3213 676 3310 spatio
694 3237 757 3284 sex
770 3210 1054 3284 hebdomadum
1071 3236 1148 3280 nna

140 3350 227 3399 cunr
254 3324 370 3414 foetu,
394 3344 577 3401 servatam
600 3353 689 3401 esse.
717 3331 818 3419 Quin
839 3327 1018 3400 credibile
1035 3329 1146 3397 etiarn

137 3459 205 3532 est,
214 3443 453 3518 tuberculum
463 3447 566 3551 quod
577 3448 776 3519 ventriculi
787 3448 925 3519 ostium
937 3444 1147 3534 claudebat,

174 3743 219 3820 (1)
240 3744 285 3799 De
297 3745 455 3800 duodecim
466 3746 605 3800 Caesarib.
619 3748 638 3801 1.
653 3748 688 3817 3,
702 3767 727 3802 c.
746 3765 801 3823 ¹⁰·,

173 3843 216 3919 (a)
237 3845 352 3899 Pathol.
370 3846 388 3898 l.
402 3843 436 3914 6,
453 3862 478 3899 c.
497 3863 508 3898 1
524 3844 556 3899 in
568 3844 619 3900 fin,

173 3941 216 4015 (3)
238 3945 322 3998 Ceut.
339 3948 372 4011 l,
392 3943 456 3998 obs.
472 3943 519 3998 30,

34 4008 53 4039 Ι
