2580 4514
180 409 252 467 um.
273 407 329 465 111.
356 408 403 455 nn
422 405 557 455 nonnis
577 405 745 468 vrnrnm,
771 405 881 452 nrrsr.
902 406 1037 452 xxxvu.
1065 383 1132 470 481

136 522 220 593 rius
239 545 310 621 per
331 520 546 591 universum
574 533 685 589 aortae
708 535 908 605 truncum,
934 538 1136 617 ramosque

128 641 249 743 ipsius
264 639 394 710 iliacos
414 636 548 710 albedo
566 638 686 708 multo
701 639 833 734 saepius
848 637 911 708 hic
930 636 1005 710 illic
1021 664 1135 737 quam
1215 638 1218 643 ’

129 780 250 837 osseae
271 756 428 828 b'racteae
449 770 743 853 propagaretur,
760 753 895 824 harum
921 780 1036 827 unam
1059 757 1137 827 vidi

127 874 176 955 in
193 888 416 959 curvatura,
431 873 584 944 alteram
599 896 718 971 prope
733 870 962 943 lumbarium
982 897 1050 970 par
1064 889 1137 946 ter-

127 992 251 1082 tium,
280 1006 478 1087 utramque
509 1014 588 1059 non
617 987 830 1086 parvulam,
857 1004 893 1060 et
920 978 1138 1061 membrana

130 1108 228 1180 hinc
258 1109 399 1180 arteriae
424 1107 579 1194 intima,
605 1106 694 1177 inde
722 1108 865 1178 carneis
892 1107 1139 1179 annularibus

127 1222 243 1299 fibris
257 1227 527 1323 interceptam:
548 1227 642 1321 quin
666 1248 798 1309 verum
818 1248 860 1294 os
876 1225 987 1295 etiam
1007 1223 1076 1296 fuit
1090 1225 1139 1296 ad

129 1345 250 1417 iliacae
269 1344 422 1415 alterius
443 1344 482 1412 in
505 1357 696 1413 externam
710 1342 975 1443 internamque
990 1342 1136 1441 divisio-

128 1486 236 1533 nem.
264 1465 445 1533 Praeterea
482 1485 569 1547 cum
603 1459 682 1557 ipse
713 1473 825 1529 aortae
852 1475 1008 1531 truncus
1042 1457 1139 1530 infra

130 1579 372 1677 emulgentes'
401 1578 585 1677 inciperet
617 1577 871 1649 sinistrorsum
904 1602 942 1650 se
969 1576 1138 1666 flectere,

128 1696 243 1794 prius
263 1710 387 1768 autem
400 1719 512 1793 quam
532 1694 656 1765 iliacas
672 1709 878 1791 promeret,
900 1693 1137 1767 dextrorsum

130 1803 275 1885 iterum
289 1812 433 1900 redire;
447 1811 546 1882 idem
560 1811 690 1882 vitium
704 1812 743 1881 in
760 1813 885 1884 iliacas
896 1811 990 1883 adeo
1002 1838 1137 1911 perge-

128 1927 225 2019 bat,
242 1945 285 2002 ut
305 1928 445 2001 crebris
463 1927 688 2000 flexionibus
710 1929 914 2026 splenicam
935 1955 1138 2029 propemo-

129 2045 230 2119 dum
246 2048 419 2119 arteriam
447 2045 641 2120 referrent.
658 2046 729 2117 Sed
747 2062 783 2119 et
797 2047 980 2120 carotides
1002 2063 1039 2118 et
1057 2074 1139 2119 ver·

129 2164 300 2266 tebrales
315 2166 450 2237 eodem
464 2164 538 2236 hoc
556 2166 647 2234 vitio
666 2189 745 2233 non
763 2165 920 2235 omnino
938 2180 1044 2235 erant
1066 2166 1138 2234 im-

129 2306 283 2355 munes·
294 2285 382 2373 Quae
391 2308 582 2355 ramorum
596 2306 749 2379 quoque
764 2281 943 2354 flexiones
955 2280 1137 2370 fecerunt,

130 2426 183 2473 ne
201 2401 432 2500 descriptam
444 2400 559 2472 modo
575 2401 701 2472 trunci
714 2399 1013 2471 incurvationem
1031 2425 1140 2497 pror·

130 2543 198 2593 sus
207 2520 432 2618 imputarem
445 2519 629 2616 contiguis
640 2516 869 2588 lumbarium
879 2517 1138 2589 vertebrarum

130 2637 393 2726 exostosibus,
406 2662 489 2734 quae
506 2661 543 2709 se
568 2634 614 2707 ad
636 2634 739 2706 hunc
761 2624 917 2704 modum
934 2634 1135 2706 habebant.

130 2758 268 2828 crassa
281 2754 342 2825 illa
356 2755 558 2855 ligamenta
578 2779 660 2850 quae
682 2754 781 2824 inter
798 2776 927 2823 earum
948 2753 1138 2824 vertebra-

131 2898 225 2946 rum
237 2896 402 2971 .corpora
413 2897 451 2945 se
466 2874 738 2970 interponunt,
756 2872 901 2957 omnia,
921 2874 950 2944 si
963 2870 1138 2942 infimum

131 2991 322 3090 excipias,
347 2992 534 3063 anteriore
553 2987 662 3074 facie,
689 2990 736 3060 ad
757 2981 959 3086 utrumque
983 3015 1139 3087 praeser-

132 3110 205 3183 tim
217 3108 336 3198 latus,
354 3133 467 3180 aereae
482 3109 599 3180 instar
613 3106 724 3179 bullae
737 3110 786 3178 ita
799 3108 1079 3204 prominebant,
1096 3123 1139 3180 ut

123 3224 392 3298 ‘transversum
406 3226 603 3296 minimum
620 3223 778 3321 digitum
792 3249 842 3295 eae
862 3223 1020 3296 dexterae
1035 3227 1140 3298 sinis·

131 3358 282 3440 tneque
307 3344 566 3440 prominentiae
593 3340 709 3414 ferme
743 3358 943 3439 aequarent.
977 3344 1139 3416 Sinistrae

133 3484 273 3533 omnes
301 3462 561 3558 prominentiae
581 3460 658 3557 (an
672 3458 776 3555 quod
794 3461 898 3558 prius
918 3486 1033 3559 quam
1051 3461 1141 3531 dex-

130 3578 504 3677 terae'coepissent?)
524 3592 630 3650 erant
657 3602 778 3650 osseae.
809 3583 1055 3652 Dexterarum
1075 3604 1143 3648 au·
1191 3638 1195 3645 .

131 3712 216 3771 tem
229 3721 275 3768 ea
290 3711 437 3768 tantum
454 3722 537 3794 quae
560 3697 759 3768 intervallo
775 3695 1027 3795 respondebat
1043 3700 1142 3766 inter

132 3811 353 3885 vertebram
377 3814 524 3884 tertiam
547 3828 583 3885 et
601 3830 793 3911 quartam,
820 3838 923 3884 ossea
937 3802 1021 3883 'esse
1038 3810 1143 3883 vide-

132 3931 276 4018 batur3
294 3954 364 4003 nec
391 3945 470 4002 erat
497 3946 645 4020 tamen3
664 3931 729 4004 sed
757 3932 895 4006 lamina
928 3954 1032 4000 ossea
1062 3955 1144 4025 quae

212 4053 249 4136 d.
478 4126 482 4134 ,
928 4047 970 4118 31
