2580 4514
235 367 310 442 606
400 392 446 438 oe
470 390 616 438 seorsus
640 391 685 436 nr
709 390 833 436 cauus
860 388 1077 437 uonnonnu

236 505 359 579 trariis
377 502 438 575 alii
452 500 778 574 observationibus
797 503 988 599 permoti,
1020 508 1227 602 experientia

238 615 360 693 autem
377 619 546 718 plerique
567 619 707 706 edocti,
724 634 867 716 quanto
889 619 945 690 ihi
960 618 1112 693 facilius
1132 623 1228 695 abdo

240 763 349 825 men,
372 736 607 809 distendente
625 744 741 834 aqua,
760 750 1009 827 extenuatur,
1025 754 1133 812 tanto
1152 738 1231 811 diffi-

241 856 347 928 cilius
366 870 403 927 et
425 854 563 926 vulnus
576 867 705 950 postea
721 878 791 924 nec
808 876 897 924 raro
913 878 1188 930 consenescere
1206 872 1233 930 et

243 970 582 1044 minuscommode
601 972 852 1068 inpraesentia
872 969 1077 1063 obturari,
1098 998 1148 1045 ne
1169 975 1233 1073 plus

239 1116 345 1187 aquae
370 1088 538 1187 prodiret
558 1112 671 1185 quam
695 1085 790 1159 lerre
815 1090 904 1186 agri
933 1091 1040 1162 vires
1065 1092 1233 1177 valerent,

242 1233 366 1305 neque
394 1231 475 1279 earn
499 1205 652 1277 demum
675 1219 812 1293 totam,
831 1207 903 1277 nisi
936 1209 1235 1304 perincommode

244 1349 342 1422 aegro
368 1323 408 1395 iu
436 1336 604 1394 ventrem
636 1320 797 1392 cubante
825 1345 939 1420 posse
969 1323 1138 1396 detrahi.
1163 1329 1236 1397 Nan

244 1441 348 1540 quod
363 1440 481 1513 emitti
498 1464 567 1536 per
582 1437 804 1509 umbilicum
834 1456 1066 1534 praestaret,
1097 1445 1181 1542 quia
1199 1445 1236 1515 sit

243 1558 389 1632 reclusa
409 1581 506 1629 vena
529 1555 734 1628 umbilicali
752 1579 919 1652 aquosus
943 1583 992 1629 ex
1025 1559 1166 1660 hepate
1184 1559 1237 1631 hu·

245 1701 330 1753 mor
342 1699 411 1773 per
427 1674 528 1746 illam
545 1674 677 1744 nonin
697 1688 869 1744 ventrem
883 1671 1179 1764 effunderetur,
1190 1674 1237 1749 sed

246 1817 438 1890 ecorpore
457 1792 677 1888 ejiceretur,
693 1791 823 1888 opinio
839 1786 909 1862 fuit
924 1818 1014 1890 quae
1034 1797 1157 1868 serius
1174 1806 1238 1866 nata

247 1934 291 1981 ex
301 1905 575 2005 hypothesibus
588 1897 626 1978 et
638 1930 684 1978 ex
698 1908 881 1980 sententia
897 1911 1184 2005 quorumdam,
1197 1932 1238 1983 ce

243 2026 304 2122 jus
322 2025 493 2098 meminit
506 2025 694 2095 Avicenna
710 2023 784 2120 (1),
802 2024 1005 2097 nonnullis
1027 2025 1239 2100 demumoh
1277 2020 1279 2065 3

247 2140 518 2215 servationihus
527 2137 827 2215 confirmarivisa
837 2155 902 2214 est.
913 2144 1142 2218 Extiterunt
1151 2146 1238 2229 enin,

247 2278 289 2334 ut
309 2263 346 2332 in
364 2260 677 2359 Sepulchretola')
693 2259 752 2329 hic
768 2258 892 2346 vides,
911 2263 983 2356 qui
1001 2284 1144 2334 vertam
1160 2263 1238 2335 illan

245 2383 321 2477 jam
348 2379 437 2450 olim
473 2379 512 2448 in
546 2377 790 2475 ligamentum
821 2391 1088 2477 contractam,
1119 2379 1239 2454 assidu

249 2497 423 2568 dixerunt
439 2518 621 2593 aquarum
648 2494 837 2565 alluvione
855 2494 1100 2587 emollitam,
1121 2493 1240 2568 recludi

249 2615 405 2700 iterum,
428 2627 464 2684 et
480 2626 560 2685 tum
580 2634 704 2684 serum
723 2610 770 2682 ab
789 2610 926 2707 hepate
943 2634 1179 2712 exsuperans
1189 2630 1240 2710 pet

249 2731 468 2803 umbilicum
481 2752 699 2816 excernere,
715 2751 830 2825 seque
844 2726 1043 2800 dilatatam
1064 2733 1161 2804 adeo
1171 2745 1240 2801 tnnc

250 2849 456 2934 invenisse,
474 2862 515 2919 nt
535 2846 760 2918 catheterem
780 2860 817 2917 et
838 2868 1005 2943 pennam
1030 2851 1173 2922 anseris
1192 2843 1256 2916 ad·-

251 2966 432 3047 mitteret‚
454 2979 625 3061 essetque
638 2986 736 3059 aqua
753 2963 839 3034 sati-s
864 2963 1024 3060 eopiosa
1042 2967 1168 3064 plena.
1182 2967 1240 3061 Ego

251 3106 342 3153 vero
361 3082 461 3152 utin
480 3079 673 3152 nonnullis
694 3093 882 3177 apertam,
904 3094 949 3150 ut
968 3095 1026 3153 est
1051 3106 1073 3152 a
1103 3084 1240 3182 primos·

253 3199 323 3269 diis
338 3198 502 3286 ,servari
527 3199 652 3295 potius
674 3220 787 3294 quam
814 3220 947 3270 rursus
972 3195 1088 3272 lacile
1107 3193 1240 3274 reserati

253 3315 522 3402 concederem,
548 3340 672 3412 neque
703 3328 789 3412 post
825 3329 952 3385 ortum
987 3317 1028 3388 in
1061 3316 1240 3398 omnihus,

164 3453 167 3459 ·
254 3432 570 3531 quemadmodum
583 3432 790 3504 Schultzius
801 3430 856 3528 (3)
873 3431 1053 3522 tradidit,
1070 3436 1119 3508 ab
1140 3429 1239 3508 umbi·

290 3730 333 3811 (ι)
355 3735 452 3789 Tract.
470 3749 559 3806 supra
572 3732 652 3788 adn.
670 3733 707 3788 30
719 3731 770 3786 cit.
789 3749 814 3786 c.
829 3728 857 3786 5.

289 3831 333 3908 (a)
352 3833 424 3890 Ohs.
446 3832 480 3888 13
496 3848 572 3887 cum.
586 3832 677 3887 schol.
692 3841 722 3886 et
736 3829 801 3887 obt.
817 3834 865 3894 ll·

290 3930 333 4009 (3)
352 3930 476 3988 Dissert.
491 3929 529 3987 de
542 3931 620 3987 vasis
632 3929 766 3988 umbilic.
778 3939 877 3986 nator·
893 3940 925 3987 et
940 3933 1078 3999 adulter.
