<?xml version="1.0" encoding="UTF-8"?>
<!DOCTYPE html PUBLIC "-//W3C//DTD XHTML 1.0 Transitional//EN"
    "http://www.w3.org/TR/xhtml1/DTD/xhtml1-transitional.dtd">
<html xmlns="http://www.w3.org/1999/xhtml" xml:lang="en" lang="en">
 <head>
  <title>
</title>
<meta http-equiv="Content-Type" content="text/html;charset=utf-8" />
  <meta name='ocr-system' content='tesseract 3.04.00' />
  <meta name='ocr-capabilities' content='ocr_page ocr_carea ocr_par ocr_line ocrx_word'/>
</head>
<body>
  <div class='ocr_page' id='page_1' title='image "./desedibusetcaus00adelgoog_0300.png"; bbox 0 0 2580 4514; ppageno 0'>
   <div class='ocr_carea' id='block_1_1' title="bbox 180 375 1143 476">
    <p class='ocr_par' dir='ltr' id='par_1_1' title="bbox 180 375 1143 476">
     <span class='ocr_line' id='line_1_1' title="bbox 180 375 1143 476; baseline 0 -27"><span class='ocrx_word' id='word_1_1' title='bbox 180 390 252 449; x_wconf 77' lang='lat' dir='ltr'><strong>‘mn</strong></span> <span class='ocrx_word' id='word_1_2' title='bbox 276 399 337 449; x_wconf 84' lang='lat'>111.</span> <span class='ocrx_word' id='word_1_3' title='bbox 363 400 411 476; x_wconf 79' lang='lat' dir='ltr'><strong>nu</strong></span> <span class='ocrx_word' id='word_1_4' title='bbox 434 396 572 446; x_wconf 72' lang='lat' dir='ltr'><strong>nouus</strong></span> <span class='ocrx_word' id='word_1_5' title='bbox 590 397 763 461; x_wconf 68' lang='lat' dir='ltr'><strong>vincum,</strong></span> <span class='ocrx_word' id='word_1_6' title='bbox 789 398 901 445; x_wconf 74' lang='lat' dir='ltr'><strong>nassa.</strong></span> <span class='ocrx_word' id='word_1_7' title='bbox 924 398 1044 445; x_wconf 76' lang='lat' dir='ltr'><strong>xxxiv.</strong></span> <span class='ocrx_word' id='word_1_8' title='bbox 1072 375 1143 449; x_wconf 76' lang='lat'><strong>303</strong></span> 
     </span>
    </p>
   </div>
   <div class='ocr_carea' id='block_1_2' title="bbox 130 510 1144 730">
    <p class='ocr_par' dir='ltr' id='par_1_2' title="bbox 130 510 1144 730">
     <span class='ocr_line' id='line_1_2' title="bbox 130 510 1144 608; baseline -0.002 -21"><span class='ocrx_word' id='word_1_9' title='bbox 130 513 350 587; x_wconf 84' lang='lat' dir='ltr'><strong>convulsivi</strong></span> <span class='ocrx_word' id='word_1_10' title='bbox 362 526 487 583; x_wconf 89' lang='lat' dir='ltr'><strong>motus</strong></span> <span class='ocrx_word' id='word_1_11' title='bbox 502 537 516 580; x_wconf 70' lang='lat' dir='ltr'><strong>a</strong></span> <span class='ocrx_word' id='word_1_12' title='bbox 533 535 631 608; x_wconf 91' lang='lat' dir='ltr'><strong>quos</strong></span> <span class='ocrx_word' id='word_1_13' title='bbox 643 510 682 582; x_wconf 88' lang='lat' dir='ltr'><strong>id</strong></span> <span class='ocrx_word' id='word_1_14' title='bbox 697 534 806 608; x_wconf 86' lang='lat' dir='ltr'><strong>posse</strong></span> <span class='ocrx_word' id='word_1_15' title='bbox 818 512 949 607; x_wconf 79' lang='lat' dir='ltr'><strong>Peyeri</strong></span> <span class='ocrx_word' id='word_1_16' title='bbox 960 528 1144 585; x_wconf 84' lang='lat' dir='ltr'><strong>monstrat</strong></span> 
     </span>
     <span class='ocr_line' id='line_1_3' title="bbox 131 627 1143 730; baseline 0 -27"><span class='ocrx_word' id='word_1_17' title='bbox 131 632 438 730; x_wconf 82' lang='lat' dir='ltr'><strong>experimentum</strong></span> <span class='ocrx_word' id='word_1_18' title='bbox 456 629 634 701; x_wconf 77' lang='lat' dir='ltr'><strong>lacessitis</strong></span> <span class='ocrx_word' id='word_1_19' title='bbox 648 651 728 697; x_wconf 92' lang='lat' dir='ltr'><strong>non</strong></span> <span class='ocrx_word' id='word_1_20' title='bbox 739 651 820 698; x_wconf 87' lang='lat' dir='ltr'><strong>uno</strong></span> <span class='ocrx_word' id='word_1_21' title='bbox 832 629 872 697; x_wconf 90' lang='lat' dir='ltr'><strong>in</strong></span> <span class='ocrx_word' id='word_1_22' title='bbox 884 627 970 698; x_wconf 90' lang='lat' dir='ltr'><strong>loco</strong></span> <span class='ocrx_word' id='word_1_23' title='bbox 984 631 1143 704; x_wconf 82' lang='lat' dir='ltr'><strong>viventis</strong></span> 
     </span>
    </p>
   </div>
   <div class='ocr_carea' id='block_1_3' title="bbox 124 741 1214 2718">
    <p class='ocr_par' dir='ltr' id='par_1_3' title="bbox 124 741 1214 2718">
     <span class='ocr_line' id='line_1_4' title="bbox 130 741 1140 849; baseline 0.001 -32"><span class='ocrx_word' id='word_1_24' title='bbox 130 770 234 849; x_wconf 68' lang='lat' dir='ltr'><strong>panse</strong></span> <span class='ocrx_word' id='word_1_25' title='bbox 255 746 474 817; x_wconf 79' lang='lat' dir='ltr'><strong>intestinis:</strong></span> <span class='ocrx_word' id='word_1_26' title='bbox 501 744 601 842; x_wconf 82' lang='lat' dir='ltr'><strong>leges</strong></span> <span class='ocrx_word' id='word_1_27' title='bbox 621 741 715 815; x_wconf 92' lang='lat' dir='ltr'><strong>illud</strong></span> <span class='ocrx_word' id='word_1_28' title='bbox 740 746 780 813; x_wconf 88' lang='lat' dir='ltr'><strong>in</strong></span> <span class='ocrx_word' id='word_1_29' title='bbox 806 743 1088 846; x_wconf 83' lang='lat' dir='ltr'><strong>Sepulchreto(</strong></span> <span class='ocrx_word' id='word_1_30' title='bbox 1115 748 1140 843; x_wconf 84' lang='lat'><strong>).</strong></span> 
     </span>
     <span class='ocr_line' id='line_1_5' title="bbox 126 860 1141 941; baseline 0.001 -4"><span class='ocrx_word' id='word_1_31' title='bbox 126 862 237 939; x_wconf 84' lang='lat' dir='ltr'><strong>ldem</strong></span> <span class='ocrx_word' id='word_1_32' title='bbox 266 860 499 941; x_wconf 79' lang='lat' dir='ltr'><strong>confirmare</strong></span> <span class='ocrx_word' id='word_1_33' title='bbox 530 861 624 933; x_wconf 85' lang='lat' dir='ltr'><strong>mibi</strong></span> <span class='ocrx_word' id='word_1_34' title='bbox 653 861 831 933; x_wconf 85' lang='lat' dir='ltr'><strong>videntur</strong></span> <span class='ocrx_word' id='word_1_35' title='bbox 860 861 1141 938; x_wconf 80' lang='lat' dir='ltr'><strong>observationes</strong></span> 
     </span>
     <span class='ocr_line' id='line_1_6' title="bbox 128 977 1138 1078; baseline -0.005 -21"><span class='ocrx_word' id='word_1_36' title='bbox 128 1004 219 1057; x_wconf 63' lang='lat' dir='ltr'><strong>nm</strong></span> <span class='ocrx_word' id='word_1_37' title='bbox 234 981 367 1078; x_wconf 82' lang='lat' dir='ltr'><strong>Peyeri</strong></span> <span class='ocrx_word' id='word_1_38' title='bbox 380 977 573 1078; x_wconf 78' lang='lat' dir='ltr'><strong>ipsius(u)‚</strong></span> <span class='ocrx_word' id='word_1_39' title='bbox 583 993 663 1049; x_wconf 89' lang='lat' dir='ltr'><strong>tum</strong></span> <span class='ocrx_word' id='word_1_40' title='bbox 675 979 879 1075; x_wconf 71' lang='lat' dir='ltr'><strong>prasertim</strong></span> <span class='ocrx_word' id='word_1_41' title='bbox 893 979 1138 1077; x_wconf 78' lang='lat' dir='ltr'><strong>lluyschii(3).</strong></span> 
     </span>
     <span class='ocr_line' id='line_1_7' title="bbox 127 1095 1140 1196; baseline -0.004 -22"><span class='ocrx_word' id='word_1_42' title='bbox 127 1098 201 1175; x_wconf 81' lang='lat' dir='ltr'><strong>tlte</strong></span> <span class='ocrx_word' id='word_1_43' title='bbox 217 1099 319 1170; x_wconf 85' lang='lat' dir='ltr'><strong>euim</strong></span> <span class='ocrx_word' id='word_1_44' title='bbox 340 1099 383 1170; x_wconf 87' lang='lat' dir='ltr'><strong>in</strong></span> <span class='ocrx_word' id='word_1_45' title='bbox 393 1096 527 1196; x_wconf 83' lang='lat' dir='ltr'><strong>puellae</strong></span> <span class='ocrx_word' id='word_1_46' title='bbox 538 1095 628 1183; x_wconf 83' lang='lat' dir='ltr'><strong>ileo,</strong></span> <span class='ocrx_word' id='word_1_47' title='bbox 646 1097 778 1192; x_wconf 89' lang='lat' dir='ltr'><strong>inquo</strong></span> <span class='ocrx_word' id='word_1_48' title='bbox 798 1097 1053 1194; x_wconf 83' lang='lat' dir='ltr'><strong>susceptiones</strong></span> <span class='ocrx_word' id='word_1_49' title='bbox 1064 1112 1140 1170; x_wconf 86' lang='lat' dir='ltr'><strong>tres</strong></span> 
     </span>
     <span class='ocr_line' id='line_1_8' title="bbox 126 1211 1139 1308; baseline -0.002 -21"><span class='ocrx_word' id='word_1_50' title='bbox 126 1214 339 1289; x_wconf 76' lang='lat' dir='ltr'><strong>lumbricos</strong></span> <span class='ocrx_word' id='word_1_51' title='bbox 374 1215 515 1286; x_wconf 82' lang='lat' dir='ltr'><strong>alieubi</strong></span> <span class='ocrx_word' id='word_1_52' title='bbox 550 1211 644 1283; x_wconf 79' lang='lat' dir='ltr'><strong>vidit</strong></span> <span class='ocrx_word' id='word_1_53' title='bbox 683 1213 789 1284; x_wconf 82' lang='lat' dir='ltr'><strong>velut</strong></span> <span class='ocrx_word' id='word_1_54' title='bbox 822 1213 1139 1308; x_wconf 70' lang='lat' dir='ltr'><strong>conglomerat053</strong></span> 
     </span>
     <span class='ocr_line' id='line_1_9' title="bbox 127 1329 1141 1431; baseline -0.009 -22"><span class='ocrx_word' id='word_1_55' title='bbox 127 1330 347 1431; x_wconf 81' lang='lat' dir='ltr'><strong>ltnyschius</strong></span> <span class='ocrx_word' id='word_1_56' title='bbox 356 1344 481 1405; x_wconf 88' lang='lat' dir='ltr'><strong>autem</strong></span> <span class='ocrx_word' id='word_1_57' title='bbox 496 1332 616 1428; x_wconf 81' lang='lat' dir='ltr'><strong>ipsam</strong></span> <span class='ocrx_word' id='word_1_58' title='bbox 631 1344 841 1427; x_wconf 82' lang='lat' dir='ltr'><strong>susceptam</strong></span> <span class='ocrx_word' id='word_1_59' title='bbox 852 1329 916 1400; x_wconf 81' lang='lat' dir='ltr'><strong>ilci</strong></span> <span class='ocrx_word' id='word_1_60' title='bbox 925 1329 1041 1402; x_wconf 80' lang='lat' dir='ltr'><strong>virilis</strong></span> <span class='ocrx_word' id='word_1_61' title='bbox 1052 1355 1141 1428; x_wconf 81' lang='lat' dir='ltr'><strong>por·</strong></span> 
     </span>
     <span class='ocr_line' id='line_1_10' title="bbox 127 1446 1139 1548; baseline -0.003 -23"><span class='ocrx_word' id='word_1_62' title='bbox 127 1450 278 1525; x_wconf 78' lang='lat' dir='ltr'><strong>cionem</strong></span> <span class='ocrx_word' id='word_1_63' title='bbox 286 1447 466 1548; x_wconf 81' lang='lat' dir='ltr'><strong>repletam</strong></span> <span class='ocrx_word' id='word_1_64' title='bbox 475 1447 664 1519; x_wconf 82' lang='lat' dir='ltr'><strong>vermibus</strong></span> <span class='ocrx_word' id='word_1_65' title='bbox 676 1446 911 1518; x_wconf 82' lang='lat' dir='ltr'><strong>circulariter</strong></span> <span class='ocrx_word' id='word_1_66' title='bbox 918 1451 1139 1546; x_wconf 53' lang='lat' dir='ltr'><strong>positione·</strong></span> 
     </span>
     <span class='ocr_line' id='line_1_11' title="bbox 126 1563 1214 1664; baseline -0.004 -23"><span class='ocrx_word' id='word_1_67' title='bbox 126 1590 296 1664; x_wconf 71' lang='lat' dir='ltr'><strong>sumque</strong></span> <span class='ocrx_word' id='word_1_68' title='bbox 312 1570 581 1663; x_wconf 73' lang='lat' dir='ltr'><strong>susceptionem</strong></span> <span class='ocrx_word' id='word_1_69' title='bbox 592 1563 760 1660; x_wconf 81' lang='lat' dir='ltr'><strong>ejusdem</strong></span> <span class='ocrx_word' id='word_1_70' title='bbox 778 1565 947 1636; x_wconf 81' lang='lat' dir='ltr'><strong>intestini</strong></span> <span class='ocrx_word' id='word_1_71' title='bbox 956 1572 1139 1637; x_wconf 70' lang='lat' dir='ltr'><strong>conmun-</strong></span> <span class='ocrx_word' id='word_1_72' title='bbox 1212 1648 1214 1652; x_wconf 16' lang='lat'><strong><em>¹</em></strong></span> 
     </span>
     <span class='ocr_line' id='line_1_12' title="bbox 125 1681 1138 1780; baseline -0.004 -21"><span class='ocrx_word' id='word_1_73' title='bbox 125 1708 212 1759; x_wconf 74' lang='lat' dir='ltr'><strong>sam</strong></span> <span class='ocrx_word' id='word_1_74' title='bbox 235 1681 402 1756; x_wconf 84' lang='lat' dir='ltr'><strong>ostendit</strong></span> <span class='ocrx_word' id='word_1_75' title='bbox 419 1706 440 1752; x_wconf 87' lang='lat' dir='ltr'><strong>e</strong></span> <span class='ocrx_word' id='word_1_76' title='bbox 448 1704 584 1780; x_wconf 84' lang='lat' dir='ltr'><strong>puero.</strong></span> <span class='ocrx_word' id='word_1_77' title='bbox 612 1683 796 1754; x_wconf 82' lang='lat' dir='ltr'><strong>Intestina</strong></span> <span class='ocrx_word' id='word_1_78' title='bbox 816 1697 942 1754; x_wconf 89' lang='lat' dir='ltr'><strong>autem</strong></span> <span class='ocrx_word' id='word_1_79' title='bbox 962 1707 985 1753; x_wconf 85' lang='lat' dir='ltr'><strong>a</strong></span> <span class='ocrx_word' id='word_1_80' title='bbox 1003 1686 1138 1755; x_wconf 80' lang='lat' dir='ltr'><strong>vermi·</strong></span> 
     </span>
     <span class='ocr_line' id='line_1_13' title="bbox 125 1797 1135 1899; baseline -0.005 -23"><span class='ocrx_word' id='word_1_81' title='bbox 125 1798 203 1877; x_wconf 82' lang='lat' dir='ltr'><strong>ltus</strong></span> <span class='ocrx_word' id='word_1_82' title='bbox 222 1824 334 1899; x_wconf 87' lang='lat' dir='ltr'><strong>posse</strong></span> <span class='ocrx_word' id='word_1_83' title='bbox 364 1797 609 1871; x_wconf 85' lang='lat' dir='ltr'><strong>vehementer</strong></span> <span class='ocrx_word' id='word_1_84' title='bbox 632 1799 762 1870; x_wconf 78' lang='lat' dir='ltr'><strong>lacessi</strong></span> <span class='ocrx_word' id='word_1_85' title='bbox 795 1797 1036 1873; x_wconf 78' lang='lat' dir='ltr'><strong>manifestum</strong></span> <span class='ocrx_word' id='word_1_86' title='bbox 1069 1817 1135 1873; x_wconf 83' lang='lat' dir='ltr'><strong>est.</strong></span> 
     </span>
     <span class='ocr_line' id='line_1_14' title="bbox 125 1913 1138 2014; baseline 0 -25"><span class='ocrx_word' id='word_1_87' title='bbox 125 1918 236 2011; x_wconf 78' lang='lat' dir='ltr'><strong>Quin</strong></span> <span class='ocrx_word' id='word_1_88' title='bbox 258 1917 436 1990; x_wconf 76' lang='lat' dir='ltr'><strong>eximium</strong></span> <span class='ocrx_word' id='word_1_89' title='bbox 462 1913 651 1986; x_wconf 87' lang='lat' dir='ltr'><strong>medicum</strong></span> <span class='ocrx_word' id='word_1_90' title='bbox 679 1917 892 1988; x_wconf 86' lang='lat' dir='ltr'><strong>Heisterum</strong></span> <span class='ocrx_word' id='word_1_91' title='bbox 913 1916 967 2014; x_wconf 74' lang='lat'><strong>(4)</strong></span> <span class='ocrx_word' id='word_1_92' title='bbox 987 1941 1077 1989; x_wconf 84' lang='lat' dir='ltr'><strong>cum</strong></span> <span class='ocrx_word' id='word_1_93' title='bbox 1095 1921 1138 1989; x_wconf 86' lang='lat' dir='ltr'><strong>in</strong></span> 
     </span>
     <span class='ocr_line' id='line_1_15' title="bbox 124 2032 1140 2133; baseline -0.002 -24"><span class='ocrx_word' id='word_1_94' title='bbox 124 2033 306 2109; x_wconf 79' lang='lat' dir='ltr'><strong>tenuibus</strong></span> <span class='ocrx_word' id='word_1_95' title='bbox 332 2032 590 2107; x_wconf 83' lang='lat' dir='ltr'><strong>duodecennis</strong></span> <span class='ocrx_word' id='word_1_96' title='bbox 610 2035 722 2131; x_wconf 85' lang='lat' dir='ltr'><strong>pueri</strong></span> <span class='ocrx_word' id='word_1_97' title='bbox 741 2035 927 2105; x_wconf 83' lang='lat' dir='ltr'><strong>intestinis</strong></span> <span class='ocrx_word' id='word_1_98' title='bbox 946 2033 1140 2133; x_wconf 78' lang='lat' dir='ltr'><strong>duplicem</strong></span> 
     </span>
     <span class='ocr_line' id='line_1_16' title="bbox 127 2149 1140 2249; baseline -0.003 -22"><span class='ocrx_word' id='word_1_99' title='bbox 127 2153 412 2249; x_wconf 60' lang='lat' dir='ltr'><strong>acceptionem</strong></span> <span class='ocrx_word' id='word_1_100' title='bbox 452 2151 680 2237; x_wconf 78' lang='lat' dir='ltr'><strong>invenisset,</strong></span> <span class='ocrx_word' id='word_1_101' title='bbox 715 2149 922 2248; x_wconf 86' lang='lat' dir='ltr'><strong>eademque</strong></span> <span class='ocrx_word' id='word_1_102' title='bbox 961 2151 1140 2224; x_wconf 80' lang='lat' dir='ltr'><strong>intestina</strong></span> 
     </span>
     <span class='ocr_line' id='line_1_17' title="bbox 128 2266 1140 2367; baseline -0.004 -24"><span class='ocrx_word' id='word_1_103' title='bbox 128 2266 318 2343; x_wconf 66' lang='lat' dir='ltr'><strong>lttmbricu</strong></span> <span class='ocrx_word' id='word_1_104' title='bbox 341 2267 587 2366; x_wconf 72' lang='lat' dir='ltr'><strong>repletzssima</strong></span> <span class='ocrx_word' id='word_1_105' title='bbox 608 2267 946 2356; x_wconf 83' lang='lat' dir='ltr'><strong>animadverteret,</strong></span> <span class='ocrx_word' id='word_1_106' title='bbox 965 2273 1003 2338; x_wconf 84' lang='lat' dir='ltr'><strong>in</strong></span> <span class='ocrx_word' id='word_1_107' title='bbox 1017 2275 1140 2367; x_wconf 75' lang='lat' dir='ltr'><strong>proxi</strong></span> 
     </span>
     <span class='ocr_line' id='line_1_18' title="bbox 125 2384 1138 2482; baseline -0.002 -23"><span class='ocrx_word' id='word_1_108' title='bbox 125 2400 266 2461; x_wconf 75' lang='lat' dir='ltr'><strong>notatu</strong></span> <span class='ocrx_word' id='word_1_109' title='bbox 282 2384 439 2482; x_wconf 75' lang='lat' dir='ltr'><strong>dt&#39;gnwn</strong></span> <span class='ocrx_word' id='word_1_110' title='bbox 454 2385 702 2473; x_wconf 81' lang='lat' dir='ltr'><strong>existimavit,</strong></span> <span class='ocrx_word' id='word_1_111' title='bbox 715 2391 926 2482; x_wconf 67' lang='lat' dir='ltr'><strong>praesertin</strong></span> <span class='ocrx_word' id='word_1_112' title='bbox 942 2391 977 2456; x_wconf 78' lang='lat' dir='ltr'><strong>si</strong></span> <span class='ocrx_word' id='word_1_113' title='bbox 978 2389 1138 2482; x_wconf 80' lang='lat' dir='ltr'><strong>juniora</strong></span> 
     </span>
     <span class='ocr_line' id='line_1_19' title="bbox 128 2501 1137 2598; baseline 0 -24"><span class='ocrx_word' id='word_1_114' title='bbox 128 2516 339 2575; x_wconf 69' lang='lat' dir='ltr'><strong>vastamus</strong></span> <span class='ocrx_word' id='word_1_115' title='bbox 353 2503 534 2597; x_wconf 83' lang='lat' dir='ltr'><strong>subjecta,</strong></span> <span class='ocrx_word' id='word_1_116' title='bbox 551 2503 765 2598; x_wconf 80' lang='lat' dir='ltr'><strong>passionem</strong></span> <span class='ocrx_word' id='word_1_117' title='bbox 778 2501 922 2572; x_wconf 84' lang='lat' dir='ltr'><strong>iliacam</strong></span> <span class='ocrx_word' id='word_1_118' title='bbox 943 2526 965 2572; x_wconf 88' lang='lat' dir='ltr'><strong>a</strong></span> <span class='ocrx_word' id='word_1_119' title='bbox 983 2501 1137 2574; x_wconf 84' lang='lat' dir='ltr'><strong>lumbri-</strong></span> 
     </span>
     <span class='ocr_line' id='line_1_20' title="bbox 124 2615 1133 2718; baseline 0 -27"><span class='ocrx_word' id='word_1_120' title='bbox 124 2621 351 2718; x_wconf 75' lang='lat' dir='ltr'><strong>cisquoque</strong></span> <span class='ocrx_word' id='word_1_121' title='bbox 365 2619 457 2689; x_wconf 77' lang='lat' dir='ltr'><strong>oriri</strong></span> <span class='ocrx_word' id='word_1_122' title='bbox 470 2641 591 2716; x_wconf 90' lang='lat' dir='ltr'><strong>posse.</strong></span> <span class='ocrx_word' id='word_1_123' title='bbox 614 2621 660 2690; x_wconf 85' lang='lat' dir='ltr'><strong>Et</strong></span> <span class='ocrx_word' id='word_1_124' title='bbox 674 2617 765 2689; x_wconf 88' lang='lat' dir='ltr'><strong>hinc</strong></span> <span class='ocrx_word' id='word_1_125' title='bbox 780 2615 935 2690; x_wconf 76' lang='lat' dir='ltr'><strong>fortasse</strong></span> <span class='ocrx_word' id='word_1_126' title='bbox 949 2616 1018 2692; x_wconf 83' lang='lat' dir='ltr'><strong>fnit</strong></span> <span class='ocrx_word' id='word_1_127' title='bbox 1030 2620 1133 2718; x_wconf 87' lang='lat' dir='ltr'><strong>quod</strong></span> 
     </span>
    </p>
   </div>
   <div class='ocr_carea' id='block_1_4' title="bbox 123 2735 1262 2836">
    <p class='ocr_par' dir='ltr' id='par_1_4' title="bbox 123 2735 1262 2836">
     <span class='ocr_line' id='line_1_21' title="bbox 123 2735 1262 2836; baseline -0.011 -22"><span class='ocrx_word' id='word_1_128' title='bbox 123 2739 413 2836; x_wconf 66' lang='lat' dir='ltr'><strong>acceptionum</strong></span> <span class='ocrx_word' id='word_1_129' title='bbox 433 2737 632 2835; x_wconf 87' lang='lat' dir='ltr'><strong>plerasque</strong></span> <span class='ocrx_word' id='word_1_130' title='bbox 646 2738 686 2808; x_wconf 89' lang='lat' dir='ltr'><strong>in</strong></span> <span class='ocrx_word' id='word_1_131' title='bbox 705 2738 832 2834; x_wconf 84' lang='lat' dir='ltr'><strong>pueris</strong></span> <span class='ocrx_word' id='word_1_132' title='bbox 844 2735 1001 2809; x_wconf 87' lang='lat' dir='ltr'><strong>viderim</strong></span> <span class='ocrx_word' id='word_1_133' title='bbox 1018 2737 1135 2808; x_wconf 85' lang='lat' dir='ltr'><strong>adno·</strong></span> <span class='ocrx_word' id='word_1_134' title='bbox 1258 2794 1262 2801; x_wconf 95' lang='lat'>.</span> 
     </span>
    </p>
   </div>
   <div class='ocr_carea' id='block_1_5' title="bbox 118 2852 1135 3424">
    <p class='ocr_par' dir='ltr' id='par_1_5' title="bbox 118 2852 1135 3424">
     <span class='ocr_line' id='line_1_22' title="bbox 123 2852 1135 2951; baseline -0.003 -22"><span class='ocrx_word' id='word_1_135' title='bbox 123 2864 232 2929; x_wconf 70' lang='lat' dir='ltr'><strong>usas</strong></span> <span class='ocrx_word' id='word_1_136' title='bbox 253 2858 394 2929; x_wconf 83' lang='lat' dir='ltr'><strong>Eorum</strong></span> <span class='ocrx_word' id='word_1_137' title='bbox 415 2877 495 2951; x_wconf 83' lang='lat' dir='ltr'><strong>quae</strong></span> <span class='ocrx_word' id='word_1_138' title='bbox 514 2852 700 2927; x_wconf 87' lang='lat' dir='ltr'><strong>hactenus</strong></span> <span class='ocrx_word' id='word_1_139' title='bbox 719 2855 1012 2926; x_wconf 82' lang='lat' dir='ltr'><strong>commemoravi</strong></span> <span class='ocrx_word' id='word_1_140' title='bbox 1043 2854 1135 2926; x_wconf 88' lang='lat' dir='ltr'><strong>dum</strong></span> 
     </span>
     <span class='ocr_line' id='line_1_23' title="bbox 123 2969 1133 3073; baseline -0.002 -28"><span class='ocrx_word' id='word_1_141' title='bbox 123 2969 302 3073; x_wconf 72' lang='lat' dir='ltr'><strong>quiedam</strong></span> <span class='ocrx_word' id='word_1_142' title='bbox 316 2971 428 3069; x_wconf 85' lang='lat' dir='ltr'><strong>paulo</strong></span> <span class='ocrx_word' id='word_1_143' title='bbox 446 2969 664 3071; x_wconf 76' lang='lat' dir='ltr'><strong>diligentius</strong></span> <span class='ocrx_word' id='word_1_144' title='bbox 683 2969 857 3061; x_wconf 83' lang='lat' dir='ltr'><strong>attend0,</strong></span> <span class='ocrx_word' id='word_1_145' title='bbox 878 2997 957 3042; x_wconf 90' lang='lat' dir='ltr'><strong>non</strong></span> <span class='ocrx_word' id='word_1_146' title='bbox 979 2996 1133 3070; x_wconf 89' lang='lat' dir='ltr'><strong>possum</strong></span> 
     </span>
     <span class='ocr_line' id='line_1_24' title="bbox 121 3086 1131 3188; baseline -0.002 -23"><span class='ocrx_word' id='word_1_147' title='bbox 121 3086 248 3165; x_wconf 73' lang='lat' dir='ltr'><strong>tacere</strong></span> <span class='ocrx_word' id='word_1_148' title='bbox 277 3090 375 3188; x_wconf 84' lang='lat' dir='ltr'><strong>quin</strong></span> <span class='ocrx_word' id='word_1_149' title='bbox 400 3087 703 3163; x_wconf 65' lang='lat' dir='ltr'><strong>observmionem</strong></span> <span class='ocrx_word' id='word_1_150' title='bbox 727 3090 805 3173; x_wconf 85' lang='lat' dir='ltr'><strong>huc</strong></span> <span class='ocrx_word' id='word_1_151' title='bbox 834 3088 969 3161; x_wconf 87' lang='lat' dir='ltr'><strong>addam</strong></span> <span class='ocrx_word' id='word_1_152' title='bbox 991 3115 1131 3179; x_wconf 85' lang='lat' dir='ltr'><strong>meam,</strong></span> 
     </span>
     <span class='ocr_line' id='line_1_25' title="bbox 121 3205 1134 3307; baseline 0.003 -28"><span class='ocrx_word' id='word_1_153' title='bbox 121 3230 243 3307; x_wconf 76' lang='lat' dir='ltr'><strong>quam</strong></span> <span class='ocrx_word' id='word_1_154' title='bbox 260 3205 412 3305; x_wconf 78' lang='lat' dir='ltr'><strong>legens,</strong></span> <span class='ocrx_word' id='word_1_155' title='bbox 432 3207 463 3278; x_wconf 91' lang='lat' dir='ltr'><strong>si</strong></span> <span class='ocrx_word' id='word_1_156' title='bbox 479 3207 608 3279; x_wconf 84' lang='lat' dir='ltr'><strong>mirari</strong></span> <span class='ocrx_word' id='word_1_157' title='bbox 635 3206 732 3279; x_wconf 85' lang='lat' dir='ltr'><strong>forte</strong></span> <span class='ocrx_word' id='word_1_158' title='bbox 753 3209 910 3306; x_wconf 88' lang='lat' dir='ltr'><strong>incipias</strong></span> <span class='ocrx_word' id='word_1_159' title='bbox 931 3234 991 3281; x_wconf 91' lang='lat' dir='ltr'><strong>me</strong></span> <span class='ocrx_word' id='word_1_160' title='bbox 1017 3210 1134 3307; x_wconf 89' lang='lat' dir='ltr'><strong>paulo</strong></span> 
     </span>
     <span class='ocr_line' id='line_1_26' title="bbox 118 3324 1132 3424; baseline 0.002 -25"><span class='ocrx_word' id='word_1_161' title='bbox 118 3338 214 3399; x_wconf 74' lang='lat' dir='ltr'><strong>cute</strong></span> <span class='ocrx_word' id='word_1_162' title='bbox 233 3347 408 3424; x_wconf 82' lang='lat' dir='ltr'><strong>negasse,</strong></span> <span class='ocrx_word' id='word_1_163' title='bbox 434 3324 602 3395; x_wconf 82' lang='lat' dir='ltr'><strong>intestini</strong></span> <span class='ocrx_word' id='word_1_164' title='bbox 630 3326 908 3423; x_wconf 88' lang='lat' dir='ltr'><strong>susceptionem</strong></span> <span class='ocrx_word' id='word_1_165' title='bbox 932 3325 1132 3401; x_wconf 66' lang='lat' dir='ltr'><strong>militasse</strong></span> 
     </span>
    </p>
   </div>
   <div class='ocr_carea' id='block_1_6' title="bbox 199 3935 873 4017">
    <p class='ocr_par' dir='ltr' id='par_1_6' title="bbox 199 3935 873 4017">
     <span class='ocr_line' id='line_1_27' title="bbox 199 3935 873 4017; baseline 0 -21"><span class='ocrx_word' id='word_1_166' title='bbox 199 3939 212 4017; x_wconf 86' lang='lat'>)</span> <span class='ocrx_word' id='word_1_167' title='bbox 233 3935 312 4015; x_wconf 83' lang='lat' dir='ltr'><strong>Eph.</strong></span> <span class='ocrx_word' id='word_1_168' title='bbox 325 3942 363 3997; x_wconf 92' lang='lat' dir='ltr'><strong>N.</strong></span> <span class='ocrx_word' id='word_1_169' title='bbox 377 3941 409 3997; x_wconf 88' lang='lat' dir='ltr'><strong>C.</strong></span> <span class='ocrx_word' id='word_1_170' title='bbox 425 3952 501 3998; x_wconf 87' lang='lat' dir='ltr'><strong>cent.</strong></span> <span class='ocrx_word' id='word_1_171' title='bbox 517 3961 528 3997; x_wconf 89' lang='lat'>1</span> <span class='ocrx_word' id='word_1_172' title='bbox 545 3951 574 3998; x_wconf 87' lang='lat' dir='ltr'><strong>et</strong></span> <span class='ocrx_word' id='word_1_173' title='bbox 587 3959 603 3996; x_wconf 83' lang='lat'>2</span> <span class='ocrx_word' id='word_1_174' title='bbox 613 3982 621 4011; x_wconf 93' lang='lat'><strong><em>,</em></strong></span> <span class='ocrx_word' id='word_1_175' title='bbox 638 3941 702 3998; x_wconf 83' lang='lat' dir='ltr'><strong>obs.</strong></span> <span class='ocrx_word' id='word_1_176' title='bbox 718 3940 788 4016; x_wconf 84' lang='lat'>198,</span> <span class='ocrx_word' id='word_1_177' title='bbox 802 3941 873 3997; x_wconf 65' lang='lat' dir='ltr'><strong>mi.</strong></span> 
     </span>
    </p>
   </div>
   <div class='ocr_carea' id='block_1_7' title="bbox 0 0 1294 4514">
    <p class='ocr_par' dir='ltr' id='par_1_7' title="bbox 0 0 1294 4514">
     <span class='ocr_line' id='line_1_28' title="bbox 0 0 1294 4514; baseline 0 4"><span class='ocrx_word' id='word_1_178' title='bbox 0 0 1294 4514; x_wconf 95' lang='lat' dir='ltr'><strong> </strong></span> 
     </span>
    </p>
   </div>
  </div>
 </body>
</html>
