2580 4514
464 242 477 280 h

89 336 172 420 ⁸mn.
192 374 248 420 111.
266 374 312 420 na
331 370 466 418 uorais
484 371 656 433 vaurms,
672 370 782 418 rrrsr.
802 368 953 416 xxxviii.
983 340 1052 418 553

49 486 231 558 corisulto
246 484 396 581 quidam
420 481 699 554 contendebant
713 481 959 577 diligentioris
973 506 1058 552 ana·

52 583 179 675 tomes
193 601 504 698 reprehensores;
524 599 583 669 illa
601 615 724 668 autem
740 599 791 667 sic
804 614 964 684 mutata,
981 623 1058 669 me-

55 717 176 790 dendi
194 742 346 815 quoque
365 720 548 788 rationem
566 716 719 802 mutari,
737 714 840 811 quod
857 715 968 785 iidem
992 741 1059 785 ne·

58 835 217 932 gabant,
232 831 467 904 manifestum
484 849 554 920 est;
583 857 651 902 cur
677 833 776 901 enim
795 830 963 902 medicus
983 828 1060 901 for·

56 948 219 1023 northus
231 974 295 1021 eos
306 965 414 1021 vexet
430 950 626 1038 remediis,
644 974 740 1046 quos
757 947 870 1019 debet
882 947 1061 1019 duntaxat

59 1069 295 1165 quaratione
310 1067 449 1139 diutius
462 1068 501 1138 in
512 1068 604 1138 vivis
617 1082 752 1153 servet,
767 1091 844 1135 non
859 1090 932 1161 qua
945 1080 1060 1152 sanet,

59 1185 252 1282 cogitare?
269 1184 340 1255 Sed
364 1184 539 1255 Valsalvoe
563 1183 675 1281 longa
700 1208 795 1281 opus
823 1180 935 1252 luisse
963 1181 1064 1276 ejus·

58 1299 167 1373 modi
179 1300 482 1373 observationum
499 1302 593 1373 serie
612 1301 753 1372 idcirco
773 1299 961 1386 dicebam,
974 1299 1063 1394 quia

57 1416 215 1516 lympha
232 1419 310 1515 ipsa
322 1419 361 1487 in
376 1419 486 1489 variis
508 1434 544 1488 et
571 1420 675 1488 vario
700 1433 869 1514 tempore
883 1417 984 1487 varia
995 1426 1061 1488 est.

57 1535 164 1627 Quin
173 1534 457 1606 Reverhorstius
471 1533 525 1630 (1)
536 1533 696 1605 addebat
710 1537 862 1631 insuper
874 1533 947 1604 loci
961 1530 1062 1603 unde

61 1652 238 1750 provenit
265 1652 499 1739 varietatem,
528 1677 548 1721 a
570 1652 662 1723 laesis
685 1651 828 1749 hepatis
852 1652 948 1723 vasis
970 1650 1063 1747 lym-

10 1822 13 1829 .
59 1767 221 1868 phaticis
238 1795 325 1842 eum
343 1770 493 1840 ascitem
512 1794 591 1841 esse
607 1769 796 1858 scribens,
814 1772 853 1840 in
870 1793 948 1866 quo
965 1792 1063 1865 aqua

61 1886 270 1958 extrahitur
292 1884 384 1956 ssava
402 1901 438 1957 et
451 1871 584 1957 amara.
601 1892 722 1977 Quem
743 1903 785 1959 ut
805 1889 912 1984 sequi
936 1900 1063 1957 ancto-

61 2029 145 2075 rem
164 2004 317 2073 minime
337 2028 486 2076 necesse
516 2021 588 2091 est,
613 2006 662 2075 ita
691 2003 793 2075 haud
824 2005 909 2075 satis
940 2018 1064 2074 tutum

63 2118 229 2191 arbitror
241 2121 284 2191 iis
296 2120 514 2218 adstipulari
529 2122 595 2217 qui
607 2145 691 2190 cum
708 2120 1065 2212 Boneto'(2)docent

61 2263 85 2308 a
109 2236 271 2335 lympha²
290 2237 466 2309 ductibus
485 2262 564 2309 esse
589 2263 669 2306 eam
688 2262 821 2333 aquam
841 2235 1068 2333 hydropico·

63 2379 174 2441 rum,
191 2380 272 2451 quae
287 2352 443 2452 limpida
461 2355 507 2426 sit
520 2409 529 2442 ,
543 2353 678 2424 coloris
691 2378 824 2452 expers
835 2369 904 2424 aut
915 2353 1066 2424 levicula

64 2478 202 2559 tincta3
221 2496 241 2541 a
262 2471 367 2542 venis
391 2487 536 2557 autem,
564 2495 646 2567 quae
668 2475 743 2540 seri
759 2471 874 2540 instar
890 2471 936 2541 sit
948 2469 1064 2562 modo

63 2595 218 2669 sinceri,
236 2588 349 2658 modo
365 2587 449 2658 aliis
461 2589 678 2658 humoribus
688 2592 870 2657 commisti
879 2594 999 2658 urinoe
1011 2611 1068 2657 co·

65 2707 185 2777 iorem
204 2709 403 2792 referemu.
423 2709 502 2776 Etsi
524 2706 623 2776 enim
643 2706 682 2773 iu
702 2729 798 2802 agro
813 2703 869 2775 .de
894 2728 969 2800 quo
990 2705 1068 2801 ipse

66 2823 259 2920 loquitur,
292 2824 399 2919 cujus
424 2824 540 2892 urinae
570 2823 735 2892 lixivium
765 2823 915 2918 nigrum
945 2823 1070 2918 potius

68 2965 184 3034 quam
210 2941 400 3037 nigricans
432 2965 510 3012 esse
545 2940 790 3027 videbantur,
819 2939 993 3009 nonnisi
1026 2963 1072 3008 ex

64 3057 229 3156 lymphae
255 3057 432 3128 ductibus
456 3056 606 3128 effluere
634 3059 673 3126 in
702 3070 870 3153 ventrem
889 3059 1071 3154 potuisset

67 3199 167 3272 aqua
182 3174 337 3271 limpida
352 3175 415 3245 illa
433 3200 545 3271 quam
559 3174 736 3246 describit
749 3200 758 3260 ;
773 3189 809 3244 at
824 3176 863 3242 in
884 3175 963 3246 aliis
978 3200 1073 3272 quo,

67 3319 154 3364 rum
174 3292 280 3363 aliter
298 3294 413 3362 urinae
431 3317 468 3363 se
488 3291 670 3394 habeant,
688 3291 839 3363 aliunde
849 3308 974 3390 potest
984 3318 1074 3391 pro·

69 3434 226 3481 venisse.

121 3527 153 3598 8.
176 3527 320 3598 Deinde
336 3552 418 3624 quae
435 3527 541 3624 prius
563 3525 717 3624 lympha
738 3543 817 3599 erat
840 3528 1015 3626 limpida,
1043 3528 1073 3598 si

556 3694 1078 3733 *4*-

114 3812 159 3890 (ι)
180 3815 257 3870 Diss.
274 3816 310 3871 de
325 3825 397 3870 mot.
410 3813 495 3884 bilis,
512 3818 527 3884 §
540 3831 587 3868 21.

111 3912 156 3989 (a)
178 3917 253 3971 Seet.
270 3912 324 3970 hac
343 3933 394 3985 21,
412 3914 495 3969 schol
508 3913 547 3970 ad
564 3913 629 3969 obs.
644 3911 689 3968 18.
