2580 4514
135 343 206 417 238
302 366 347 411 un
372 363 585 411 senneser
610 364 733 411 causrs
757 364 970 416 nonnosum

135 480 285 578 eosqui
309 479 545 564 innumeras,
572 478 681 548 mitto
700 473 857 551 fibrillas
879 494 917 553 et
941 484 1114 573 nervulos,

136 597 329 671 arteriolas
361 595 626 667 tantummodo
659 619 702 665 ac
733 597 908 685 venulas,
941 614 1116 699 utramque

136 718 302 788 tunicam
314 717 537 812 jungentes,
555 713 900 786 animadverterint.
925 722 1012 789 llaec
1027 718 1119 818 igitur

136 834 284 906 vascula
302 858 348 903 an
373 832 468 903 adeo
494 831 610 901 laxari
637 831 773 902 sensim
794 832 1028 933 extendique
1054 860 1119 934 pos·

87 988 91 997 ·
136 953 228 1039 siut,
246 965 288 1022 ut
306 975 448 1048 magnae
464 949 667 1047 praesertim
684 949 920 1023 inversiones
937 953 1072 1024 tunice
1083 954 1121 1025 in·

135 1071 284 1141 terioris
304 1068 526 1165 requirunt,
542 1091 635 1164 quas
650 1092 728 1136 non
748 1069 859 1165 pauci
874 1066 940 1140 hic
955 1066 1040 1141 fieri
1055 1084 1121 1143 een·

136 1204 238 1273 sent;
254 1212 302 1257 an
317 1204 510 1256 tumorum
524 1185 760 1283 exemplum,
780 1184 977 1283 inquibus
997 1202 1123 1260 constat

135 1307 337 1375 immanem
369 1302 539 1375 accidere
563 1326 737 1374 vasorum
765 1300 1049 1394 extensionem,
1077 1306 1123 1376 hic

135 1424 260 1494 locum
281 1420 439 1509 habeat,
464 1420 531 1491 ubi
560 1444 787 1492 crassescere
806 1420 966 1517 quidem
984 1424 1124 1497 interior

136 1541 263 1612 tunica
284 1539 440 1626 dieitur,
455 1537 521 1610 sed
537 1536 669 1608 flexilis
688 1553 811 1609 tamen
832 1539 1080 1641 plerumque,
1098 1554 1124 1611 et

135 1673 221 1756 apta
239 1656 286 1727 ad
301 1656 570 1754 repositionem
588 1656 743 1754 servari,
761 1681 810 1727 an
832 1656 1002 1756 denique
1018 1660 1123 1729 inter·

137 1777 261 1847 siones
276 1773 351 1862 hae,
374 1797 456 1870 quae
476 1797 555 1843 non
576 1796 683 1844 secus
709 1774 748 1842 in
767 1789 872 1846 recto
894 1776 1075 1849 intestino
1093 1798 1124 1847 at

136 1896 174 1964 in
193 1894 325 1991 vagina
346 1893 444 1961 uteri
472 1892 637 1988 proponi
662 1889 807 1978 solent,
830 1914 917 1963 cum
939 1912 984 1966 re
1004 1898 1083 1993 ipsa
1097 1908 1125 1965 et

137 2026 325 2109 quatenus
340 2012 586 2097 conveniant,
604 2034 683 2080 non
701 2009 852 2081 aliunde
868 2014 1011 2086 certius
1030 2038 1125 2113 quau
1166 2028 1168 2061 ⁵

136 2155 180 2200 ex
204 2128 426 2200 accuratiori
454 2127 677 2199 cadaverum
706 2128 889 2200 incisione
915 2130 1123 2205 addiscetttr.

135 2246 212 2318 Nec
226 2272 317 2319 vero
332 2247 371 2316 in
392 2246 537 2343 magnis
561 2247 765 2343 praesertim
794 2246 1012 2329 civitatibus
1031 2250 1126 2323 taris-

137 2367 228 2438 sima
252 2389 332 2436 esse
351 2379 473 2461 potest
495 2362 681 2459 ejusmodi
703 2362 928 2436 cadaverum
955 2366 1126 2442 disseetu·

137 2484 272 2555 dorum
293 2484 451 2555 occasio.
471 2486 557 2554 Nou
576 2482 706 2579 paucis
725 2482 826 2552 enim
840 2482 902 2555 hic
915 2485 1077 2560 morbus
1085 2478 1127 2559 ti

136 2617 264 2673 nestus
278 2617 353 2690 est,
367 2599 662 2673 inflammatione
673 2599 847 2672 videlicet
862 2616 1128 2703 gangroeutr'que

47 2740 51 2747 ’
135 2710 355 2791 intestinum
370 2716 686 2814 corripientibus,
707 2717 814 2814 cujus
826 2722 1017 2817 repositio
1028 2720 1130 2821 negli·
1151 2776 1155 2783 ·

136 2853 267 2937 genter
295 2839 408 2908 nimis
432 2835 546 2906 dilata
573 2836 629 2906 sit.
659 2836 729 2906 Sed
755 2837 865 2908 iniis
893 2840 1009 2919 etlam
1046 2848 1151 2939 quot·

136 2955 238 3026 aliud
253 2955 385 3025 mortis
406 2978 525 3053 genus
540 2954 752 3041 sustulerit,
772 2944 981 3050 aliquando
994 2956 1129 3045 acuitis,
1147 2978 1153 3005 ’-

135 3086 177 3142 ut
194 3071 364 3167 quaedam
383 3097 420 3143 se
438 3068 598 3141 offerant
611 3094 776 3167 quorum
789 3070 836 3143 ad
848 3070 1043 3147 hancreru
1052 3072 1131 3147 utile

134 3214 214 3261 esse
234 3191 351 3286 possit
368 3215 543 3277 examen,
562 3190 638 3260 sive
656 3191 748 3260 recti
765 3190 934 3262 intestini
946 3190 1132 3292 prolapsui

135 3306 291 3379 obnoxii
308 3305 465 3395 fuerint,
484 3309 559 3379 sive
579 3331 820 3405 quacumque
836 3331 881 3379 ex
897 3332 1033 3401 eausa,
1049 3310 1131 3383 utin

136 3425 253 3497 milite
286 3424 451 3523 quodam
482 3429 653 3523 gregario
681 3425 737 3523 (1)
765 3425 841 3497 coli
865 3432 903 3497 in
929 3434 1146 3501 intestinum·

135 3559 277 3614 rectum
295 3543 518 3642 prolapsus,
540 3568 604 3614 seu
631 3543 819 3617 desolatio
842 3560 1042 3639 poeurrot,
1062 3564 1135 3645 qun

174 3923 218 4002 (1)
239 3927 306 3979 Act.
325 3924 361 3978 N.
376 3925 409 3978 C.
424 3933 496 3977 tom.
512 3941 545 3993 a,
560 3923 624 3978 obs.
642 3924 708 3981 103.
