2580 4514
171 401 247 447 Lm.
269 399 324 446 ni.
352 399 399 444 nr
424 398 558 444 nonius
582 398 746 462 vaurms,
771 399 880 446 nrrsr.
903 400 1022 448 xxxvi.
1052 378 1121 477 377

119 539 170 584 ne
208 513 358 582 virium.
383 512 546 582 universi
581 512 751 608 corporis
787 537 930 584 summa
963 515 1124 610 jactura3

119 632 268 729 aegrius,
294 628 520 725 potuitlper'
544 628 636 698 illud
668 628 812 698 traduci
845 646 881 699 et
911 618 1127 727 promoveri

119 746 302 842 sanguis,
329 747 529 843 praesertim
563 743 610 815 ab
646 770 689 814 ea
723 742 938 841 profusione
970 749 1127 819 inertior

119 862 275 948 lactus3
295 863 419 958 itaque
433 863 547 958 magis
561 862 729 933 restitare
746 863 785 931 in
803 887 848 932 eo
865 863 1003 934 viscere
1019 889 1126 936 coac-

119 962 186 1052 tus
209 994 267 1050 est
279 980 502 1077 ,ipsumque
522 980 636 1075 magis
656 979 846 1074 magisque
861 978 993 1049 laxare.
1006 983 1126 1053 Multo

119 1112 255 1169 autem
283 1093 491 1166 mirabilius
514 1097 631 1165 videri
658 1109 797 1192 potest,
822 1095 1015 1191 quomodo
1042 1122 1126 1167 cum

119 1215 240 1286 rediit
252 1213 452 1287 novissime
465 1211 522 1282 bis
536 1228 636 1282 terve
649 1213 836 1309 sanguinis
848 1213 1025 1308 uomitus,
1041 1239 1127 1283 eon·
1228 1207 1231 1212 ⁵

119 1331 238 1428 sequi
258 1331 423 1426 potuerit
437 1326 550 1400 febris
563 1328 625 1399 illa
644 1309 865 1416 vehemens3
885 1330 1128 1428 iisque'signis

119 1451 266 1545 stipata
293 1471 374 1542 quae
392 1444 725 1516 ¹inflammationem
754 1446 917 1542 aliquam
942 1447 981 1516 in
1006 1446 1128 1545 hypo-

121 1562 352 1659 chondriis(
367 1564 473 1659 cujus
496 1564 633 1634 indicia
659 1560 813 1634 fortasse
837 1563 959 1634 rubrae
983 1589 1032 1634 eae
1052 1589 1129 1635 ma·

119 1683 219 1754 culae
242 1678 417 1766 fuerunt,
437 1679 554 1777 hepar
580 1680 641 1750 hic
669 1679 743 1750 illic
761 1679 1058 1778 distinguentes)
1081 1682 1130 1753 si-

120 1795 310 1896 gnificare
335 1796 567 1867 videbantur.
592 1798 746 1894 Sanguis
775 1798 1066 1895 enim·reliquus
1088 1799 1128 1868 in

119 1915 226 1987 vasis
249 1913 444 1999 omnibus,
467 1916 572 2010 copia
593 1929 671 1985 erat
693 1913 786 1984 adeo
812 1910 1131 2000 modica,'inertia

121 2048 259 2103 autem
273 2031 476 2126 ejusmodi,
491 2047 533 2102 ut
551 2057 594 2102 ex
609 2032 831 2103 dissectione
847 2032 1004 2128 intelligi
1013 2033 1130 2103 licuit.

120 2152 225 2220 Nam
238 2149 486 2246 paucitatem,
502 2164 636 2247 praeter
651 2174 730 2218 rem
748 2151 886 2245 ipsam,
906 2147 1026 2245 pallor
1037 2173 1132 2245 quo-

123 2292 207 2365 que
225 2267 410 2336 viscerum
430 2280 465 2336 et
481 2267 586 2362 quasi
604 2267 757 2336 ⁴candor
784 2266 990 2351 indicabat,
1013 2265 1131 2335 idem-

124 2384 408 2482 que,‚inertiam
431 2383 560 2471 simul,
585 2387 786 2480 praesertim
811 2408 896 2454 cum
916 2407 1034 2480 pauca
1057 2381 1132 2452 bile

124 2517 165 2574 et
181 2500 326 2579 coloris
342 2502 503 2586 maxime
517 2500 625 2570 diluti
643 2502 876 2596 conjunctus.
896 2505 940 2570 In
955 2498 1132 2570 cachecti-

127 2621 183 2690 cis
200 2616 355 2720 quidem
369 2642 463 2715 saepe
478 2618 622 2692 cerebri
639 2619 817 2688 corticem
826 2615 931 2686 valde
940 2615 1133 2712 pallidum,

127 2733 338 2806 medullam
351 2749 473 2805 autem
487 2734 595 2804 solito
607 2733 862 2804 candidiorem
878 2731 1134 2819 animadverti,

128 2831 279 2950 quippe
301 2849 520 2948 sangbuiferis
537 2852 696 2923 vasculis
714 2868 794 2922 tum
812 2878 893 2948 quae
912 2850 1070 2947 Plurima
1088 2848 1135 2920 ad

128 2969 240 3039 illum
259 2969 466 3064 pertinent,
483 2984 563 3038 tum
583 2994 665 3066 quae
682 2970 821 3038 rariora
839 2993 907 3065 per
926 2966 1023 3036 hanc'
1039 2967 1136 3060 traji-

131 3087 310 3171 ciuntur,
330 3085 408 3155 aliis
428 3084 624 3172 inanibus,
642 3086 723 3160 aliis
739 3083 1049 3183 semipellucidis3
1073 3107 1137 3154 eo-

130 3227 211 3300 que
232 3200 328 3270 nihil
352 3199 466 3271 ferme
487 3199 739 3274 officientibus
764 3203 874 3273 etiam
895 3202 1067 3272 exterius
1082 3202 1137 3270 in-

131 3319 305 3418 quirenti
331 3318 436 3390 sedes
463 3318 564 3390 unde
587 3346 631 3390 ex
655 3319 824 3389 medullae
843 3336 979 3390 trunco
1002 3342 1138 3388 nervo-

130 3460 222 3506 rum
238 3433 412 3505 radiculae
432 3435 697 3532 egrediuntur,
718 3451 760 3506 ut
785 3435 831 3505 ad
850 3461 909 3508 res
924 3436 1033 3506 hasce
1051 3433 1138 3505 faci-

130 3553 207 3624 lius
224 3551 446 3648 spectandas
462 3568 526 3623 aut
542 3552 809 3641 ostendendas,
830 3551 1020 3624 interdum
1042 3551 1140 3645 ejus-

129 3666 244 3739 modi
262 3667 416 3739 cerebra
435 3672 729 3767 praeoptaverim.
760 3675 931 3741 Attamen
955 3671 1034 3765 ipsa
1054 3666 1140 3737 bilis

129 3786 320 3884 paucitas,
338 3786 493 3883 ipseque
515 3786 608 3857 adeo
628 3788 768 3858 dilutus
786 3787 891 3858 color
912 3811 959 3854 an
980 3785 1141 3854 acriores

126 3903 342 4003 particulas
353 3905 391 3971 in
405 3906 584 4000 sanguine
600 3905 753 3977 retineri
768 3902 1038 4001 significarent,
1055 3901 1144 3972 exis·
1203 3994 1206 3998 Ι
