2580 4514
166 394 238 454 nio
331 384 377 451 bt
402 386 548 451 tentans
573 398 616 449 ar
642 394 765 449 clusit
791 390 1003 452 noanonou

165 541 319 616 quoque
335 517 460 588 oleum
476 517 666 587 interdum
683 518 980 615 prescripsimus
988 518 1038 592 ab
1048 544 1088 592 eo
1100 544 1142 592 ue

165 657 240 733 que
266 651 436 733 tempore
460 660 504 705 ex
529 659 608 731 quo
628 635 803 706 narrabat
833 639 1092 725 Rammium,
1116 640 1144 707 in

164 777 350 852 puerpera
363 768 534 824 matrona
550 768 691 850 septem
703 754 779 847 jam
792 752 872 825 dies
885 754 939 824 nil
953 754 1148 850 dejiciente,

164 897 248 943 cum
281 872 415 960 multa,
434 896 477 942 ac
507 873 606 940 varia
633 869 729 940 nihil
746 870 997 969 proficerent,
1017 873 1149 943 rediisse

161 991 200 1058 in
220 990 437 1061 memoriam
457 987 559 1085 quod
577 987 707 1084 legisse
725 987 891 1076 dicebat,
910 990 941 1058 si
961 1004 1064 1061 recte
1087 1014 1150 1061 me·

162 1109 273 1196 mini,
292 1106 393 1205 apud
410 1107 613 1177 Martinum
630 1104 860 1193 Rulandum,
874 1122 917 1176 ut
937 1101 1049 1179 bi'nas
1065 1108 1151 1179 boris

162 1225 318 1323 singulis
338 1225 467 1296 uncias
485 1224 698 1295 communis
722 1223 796 1293 olei
814 1223 1044 1318 injiciendus
1066 1249 1150 1297 curi·

162 1356 237 1428 ret,
258 1365 376 1439 eaque
396 1342 541 1433 ratione
561 1340 683 1410 alvum
702 1340 868 1410 solvisse’,

119 1514 123 1521 .
163 1493 167 1500 ·
214 1485 266 1530 12.
294 1462 465 1529 Matrona
490 1456 568 1527 baec
591 1455 637 1526 ad
651 1457 872 1526 memoriam
890 1456 1152 1555 redigit,qnod

158 1577 205 1649 ab
225 1576 359 1647 illustri
372 1576 442 1645 alia
460 1573 595 1645 femina
607 1573 816 1645 remedium
832 1573 1008 1645 adbiberi
1026 1575 1152 1663 audiri,

159 1718 241 1791 quae
270 1691 504 1763 tumentibus
531 1689 873 1761 baemorrhoidibus
898 1713 918 1760 a
943 1690 1064 1790 longo
1090 1692 1152 1789 jan

157 1827 328 1908 tempore
339 1807 552 1879 vexabatur.
564 1811 807 1897 Quas,utme
819 1809 1047 1881 consulendi
1059 1832 1152 1882 consi

157 1927 232 1998 hnc
247 1941 417 2013 venerat,
442 1950 527 1996 eum
546 1924 788 2013 ostendisset,
820 1926 898 2021 ipse
922 1940 1052 1999 autem
1071 1948 1154 2026 qna·

156 2069 294 2131 rerem,
313 2067 387 2141 qua
404 2043 549 2113 ratione
569 2054 759 2112 tumentes
775 2040 870 2111 adeo
880 2064 1072 2139 reponere
1087 2045 1151 2118 sint

156 2160 385 2233 intolerabili
410 2159 580 2231 molestia
609 2173 754 2256 posset;
795 2161 980 2231 continuo
1012 2186 1152 2261 respon·

155 2281 229 2367 dit,
251 2305 289 2350 se
310 2278 425 2348 multa
444 2292 480 2347 et
496 2282 596 2346 varia
614 2290 824 2373 expertam,
852 2276 947 2348 nihil
963 2279 1098 2354 utilius
1112 2279 1151 2349 in·
1190 2276 1193 2399 l

154 2399 300 2470 'venisse
319 2393 551 2494 pinguedine
567 2416 649 2489 quae
663 2395 762 2464 cirea
777 2414 887 2467 renes
899 2396 945 2465 sit
961 2399 1070 2470 canis
1081 2394 1149 2469 mli.
1190 2402 1193 2499 l

152 2521 206 2588 Ea
230 2517 343 2613 igitur
369 2514 440 2584 rite
473 2525 677 2608 praeparata
710 2512 892 2609 inungere
928 2537 969 2585 se
997 2534 1149 2616 egressas
1190 2506 1193 2589 l

152 2636 252 2705 inter
273 2628 526 2729 dejiciendum
545 2628 860 2718 haemorrhoides3
878 2654 1003 2728 eaque
1018 2636 1148 2707 ratione
1187 2594 1194 2717 l

153 2754 314 2825 autsine
337 2749 485 2832 dolore,
518 2762 581 2818 ant
608 2763 708 2818 certe
741 2772 826 2817 cum
853 2749 977 2820 multo
1000 2752 1148 2836 leviore,
1191 2732 1194 2819 i

148 2872 224 2967 jam
244 2869 310 2939 diu
328 2890 514 2965 reponere
530 2888 574 2933 ex
589 2888 666 2960 quo
686 2863 733 2935 ab
750 2865 830 2936 aliis
854 2867 920 2962 qui
942 2870 1146 2964 periculam
1190 2828 1194 2941 l

151 3002 259 3058 antea
279 2985 461 3059 fecerant,
474 2982 512 3052 id
530 3006 656 3052 secum
672 3006 743 3080 pro
762 3006 899 3053 arcano
918 2982 1147 3060 literatcou·
1191 2970 1194 3013 ¹

150 3103 395 3174 municatum.
418 3098 604 3195 Equidem
619 3101 720 3169 canis
737 3100 971 3197 pinguedine
983 3103 1146 3186 interius,

149 3236 229 3292 non
254 3218 370 3288 modo
385 3218 662 3303 extenuemus
683 3217 873 3288 interdum
891 3219 1083 3305 medicos,
1098 3245 1147 3293 an·

149 3344 208 3410 tea
223 3344 428 3407 noveram:
454 3333 498 3403 ad
520 3358 606 3404 eum
632 3349 756 3405 autem
783 3359 913 3424 usum,
934 3353 972 3408 et
997 3362 1045 3409 ex
1066 3337 1145 3410 certi

147 3458 251 3530 canis
277 3468 378 3524 certa
399 3466 504 3549 parte
528 3468 737 3549 acceptam,
760 3478 839 3523 non
861 3453 997 3525 videor
1022 3456 1144 3527 meml·
1193 3528 1195 3563 Ι

56 3572 59 3577 ’
144 3577 254 3647 iissse.
287 3572 416 3668 Longe
431 3567 575 3640 facilius
594 3592 704 3641 causa
721 3572 873 3667 agnosci
899 3587 1028 3669 potest
1054 3572 1143 3646 utili·
1193 3570 1195 3659 l

142 3687 854 3786 talisduorumquaedicam3suntenim
868 3691 1142 3790 magis,quam·
1193 3732 1195 3745 =

139 3813 195 3884 tis
213 3834 292 3880 non
310 3808 485 3880 eumdem
509 3806 555 3877 ad
571 3806 768 3889 morbum,
790 3822 852 3878 aut
870 3831 951 3878 non
974 3810 1138 3881 eumden

138 3931 186 4003 ad
203 3927 378 4011 modum,
395 3926 586 4024 plerisque
607 3926 736 3997 saltem
758 3927 901 3998 usitata·
923 3929 1072 4027 Nempe
1089 3923 1139 3997 Al·
