2580 4514
154 321 220 416 176
320 343 365 385 nr
393 339 537 385 snumus
562 340 609 383 so
632 337 754 384 CAUSIS
780 337 990 387 mortuorunt
1178 371 1186 414 1

148 453 403 528 rubicundum
438 449 706 547 deprehendit,
732 450 875 522 indicio
903 453 1118 528 manifestissi-

148 599 233 659 mo,
255 569 479 640 diarrhoeam
511 569 585 663 jam
620 568 803 663 incepisse
833 569 871 637 in
902 569 1121 667 dysenteriam

148 690 394 787 degenerare,
422 686 591 782 quamvis
615 683 707 752 nibil
728 683 852 754 adhuc
870 691 1125 785 gangrenosiin

147 808 192 877 iis
224 803 427 875 visceribus
452 816 658 898 appareret.
693 801 814 871 Facile
843 818 970 875 autem
995 807 1034 875 in
1063 832 1127 905 gau·

149 945 326 1019 graenam,
346 935 459 1016 atque
472 917 585 998 adeo,
602 932 644 986 ut
654 916 748 1003 dixi,
765 917 803 985 in
817 918 1040 1014 sphacelum
1053 939 1131 995 trau·

148 1043 219 1110 sire
236 1052 357 1135 potest
374 1038 638 1106 intestinorum
664 1032 911 1112 inflammatio
929 1064 936 1105 :
959 1040 1063 1113 unde
1077 1040 1135 1113 fac·
1183 1122 1186 1137 Ι

148 1175 226 1229 tum
252 1156 404 1229 fortasse
426 1172 481 1228 est
503 1155 607 1253 qnod
630 1154 857 1226 adolescenti
872 1156 970 1227 mihi
987 1161 1138 1233 medicus
1183 1204 1186 1245 1

148 1276 472 1351 exercitatissimus
500 1271 693 1357 narrabat,
723 1271 793 1341 sibi
826 1272 1036 1370 aliquando
1062 1279 1142 1349 acci·
1181 1256 1186 1347 i

146 1374 271 1479 disse,
283 1407 325 1462 ut
341 1394 378 1460 in
397 1390 661 1488 dysenteriem,
676 1391 874 1485 postremis
892 1407 980 1463 ante
994 1412 1143 1467 mortem

147 1509 295 1594 diebus,
314 1506 428 1577 febris
448 1507 580 1577 abiisse
595 1505 803 1593 videretur,
819 1522 862 1577 ut
881 1509 911 1578 si
925 1526 1065 1599 ¹cae-tera
1078 1540 1145 1585 nou

147 1626 363 1698 attendisset
380 1628 501 1721 signa,
526 1626 688 1721 turpiter
704 1621 779 1694 fatti
798 1627 993 1721 potuisset.
1012 1634 1144 1702 Verum

147 1743 192 1813 de
230 1744 491 1812 intestinorum
522 1740 658 1811 morbo
689 1739 948 1831 fallacissim0,
976 1745 1146 1843 sphacelo

146 1859 216 1930 erit
237 1859 358 1941 alias(
387 1870 400 1952 )
426 1848 678 1957 opportunior
703 1859 891 1930 scribendi
912 1849 1031 1934 locus.
1046 1868 1145 1937 Nunc

146 1977 192 2046 de
209 1976 439 2046 membranis
464 1975 617 2071 dejectis
646 1978 721 2046 sive
748 2000 832 2045 cum
856 1981 1063 2074 sanguine,
1091 1997 1145 2055 aut

146 2120 262 2191 pure,
290 2095 364 2164 sive
390 2093 533 2189 absque
553 2093 627 2179 his,
649 2096 723 2164 sive
748 2095 787 2162 in
812 2093 1051 2190 dysenteria,
1078 2103 1144 2173 sive

145 2228 247 2282 extra
265 2213 383 2308 ipsam
401 2210 543 2306 aliquid
562 2210 607 2280 ad
626 2236 667 2281 ea
688 2237 770 2306 quae
785 2213 1006 2308 scripsimus
1023 2240 1145 2317 supra,

144 2329 360 2402 addendum
384 2345 446 2399 est.
472 2329 774 2399 Desideravimus
798 2345 918 2418 certe,
948 2334 1144 2406 nonnulla-

79 2437 85 2450 ’
143 2473 228 2517 rum
270 2462 443 2516 naturam
478 2446 694 2543 diligentius
731 2448 935 2519 examinari
967 2453 1141 2547 potuisse.

140 2565 322 2635 Lentilius
356 2563 411 2660 (a)
445 2574 534 2660 puta
566 2563 758 2658 quodnam
796 2580 891 2634 esset
924 2566 1143 2640 intestinum

143 2684 290 2780 egregie
322 2683 468 2767 statuit,
497 2679 599 2750 unde
639 2679 866 2751 membranae
904 2688 1143 2785 provenirent

142 2825 224 2897 quae
247 2824 315 2896 per
334 2798 528 2869 intervalia
551 2823 636 2868 cnm
659 2799 715 2868 vel
735 2800 814 2869 sine
842 2824 978 2871 cruore
1000 2804 1142 2900 plures,

139 2920 381 3015 paucioresve
399 2941 468 3012 per
485 2914 608 2984 aivum
639 2914 866 2987 secederent.
890 2919 1004 3006 Quod
1024 2938 1143 2994 autem

139 3033 206 3105 has
223 3036 369 3104 censuit
395 3032 559 3111 valvulas
591 3056 667 3102 esse
697 3035 959 3124 conniventes,
984 3036 1142 3112 liberum

140 3154 276 3246 cuique
296 3166 349 3220 est
362 3147 531 3235 credere,
552 3165 706 3219 autnon
728 3151 898 3239 credere,
909 3155 987 3223 imo
1002 3158 1061 3227 vel
1073 3157 1140 3231 hoc

137 3270 283 3367 ipsum,
316 3265 427 3337 fuisse
466 3267 716 3337 membranas.
745 3272 795 3339 Ut
823 3270 921 3339 enim
953 3272 1001 3342 ab
1034 3300 1139 3373 aegra,

139 3402 323 3485 quantum
339 3399 515 3480 apparet,
538 3386 599 3455 ille
619 3384 767 3473 aberat,
783 3385 877 3455 nihil
900 3388 1002 3459 aliud
1018 3394 1138 3465 videre

137 3506 279 3603 potnit,
304 3503 376 3571 nisi
399 3526 459 3572 eas
487 3499 598 3573 fuisse
622 3503 783 3573 diuersae·
801 3507 1085 3598 magnitudinis,
1107 3522 1139 3579 et

190 3809 202 3844 1
240 3791 262 3843 E
286 3789 332 3843 ist.
354 3786 401 3844 35.

173 3788 218 3966 i²i
237 3809 312 3962 Eidh.
323 3891 360 3944 N.
370 3890 403 3943 C.
418 3887 480 3943 dec.
495 3887 526 3956 3,
540 3888 577 3942 A.
590 3887 624 3954 3,
637 3885 669 3944 in
681 3887 807 3961 append.
821 3906 851 3942 n.
865 3887 897 3958 6,
912 3889 951 3945 ad
964 3893 1029 3950 obs.
1044 3894 1088 3951 68.
