2580 4514
155 355 208 442 64
323 377 369 422 ou
396 373 541 421 surmus
566 373 758 420 creausus
783 374 991 425 nonnosum

508 450 519 473 .

145 512 211 562 eos
227 489 292 586 qui
309 501 557 586 appararunt‚
580 487 781 568 invenisse,
800 486 876 557 Sub
895 512 937 559 ea
953 486 1048 557 flava
1066 489 1146 585 piu·

148 605 310 705 guedine
325 628 399 701 qua
414 626 632 674 mesaraeum
648 602 867 675 lumborum
886 603 1099 693 vertebras,
1115 620 1148 675 et

148 721 208 793 his
235 719 469 791 adhaerentes
499 718 693 816 operiebat
724 744 945 817 magnorum
974 745 1149 792 vasorum

143 854 330 925 truncos,
359 835 524 907 latebant
552 834 736 932 glandulae
762 835 870 907 valde
896 835 1150 934 amplificata,

149 969 324 1051 arctaque
349 951 442 1023 adeo
470 953 515 1024 iis
547 953 691 1023 truncis
714 977 884 1041 annexae,
903 967 944 1024 ut
968 955 1149 1027 nomine

150 1098 287 1170 magno
300 1069 428 1143 labore
440 1071 604 1167 separari
614 1071 819 1168 potuerint.
832 1074 945 1142 Erant
957 1095 1008 1142 eae
1019 1093 1150 1142 omnes

152 1188 335 1289 glandulae
365 1189 466 1259 intus
490 1185 601 1275 albae,
622 1211 701 1256 uon
722 1186 922 1284 praedurae,
947 1186 1011 1259 sed
1032 1213 1151 1285 puru-

89 1326 92 1333 “
144 1308 257 1396 lento
285 1305 414 1376 ichore
443 1318 635 1375 scatentes.
663 1308 809 1376 Caeterae
836 1330 905 1403 per
932 1329 1152 1377 mesaraeum

151 1447 230 1493 non
260 1418 467 1492 tumebant.
496 1423 542 1490 At
566 1443 685 1517 prope
706 1421 954 1492 ventriculum
976 1445 1093 1491 unam
1112 1445 1154 1497 ex

151 1536 390 1635 lymphaticis
417 1535 663 1606 animadverti
699 1537 919 1608 crassiorem
946 1535 1083 1611 factam
1115 1553 1153 1615 ,et

155 1655 367 1740 duriorem,
390 1677 508 1749 eaque
542 1668 620 1723 erat
649 1654 776 1725 colore
809 1655 942 1729 lurido.
971 1660 1154 1731 Pancreas

156 1796 309 1870 quoque
331 1785 423 1841 tunc
441 1769 518 1841 vidi
538 1772 696 1842 crassius
719 1786 864 1861 totum,
888 1788 924 1844 et
947 1773 1060 1844 simul
1083 1776 1154 1844 ari-

156 1888 287 1961 dulum
316 1913 357 1958 ac
383 1887 644 1959 duriusculum
683 1885 857 1977 factmn,
890 1891 926 1961 si·
951 1889 1153 1987 quamdam

156 2007 236 2102 ejus
254 2020 399 2103 partem
419 2004 597 2101 excipias,
615 2028 697 2101 qum
715 2022 927 2078 excreverat
941 2009 989 2084 in
1009 2007 1153 2096 albam,

155 2140 193 2196 et
202 2121 478 2223 propemodum
489 2120 609 2217 thymi
623 2124 778 2195 similem
791 2123 1047 2198 substantiam.
1058 2125 1154 2196 Tho·

155 2265 278 2312 racem
294 2239 552 2326 recludenteS‚
574 2241 739 2337 primum
758 2244 929 2312 omnium
951 2242 1044 2314 duas
1070 2241 1154 2314 infi-

156 2383 235 2429 mas
256 2357 447 2455 jugulares
474 2346 668 2452 glandulas
687 2356 851 2430 vidimus
872 2359 1096 2450 albicantes,
1120 2375 1154 2434 et

155 2461 201 2547 ad
231 2474 327 2562 duos
351 2476 479 2546 saltem
510 2488 740 2546 transversus
765 2475 902 2573 digitos
931 2479 970 2548 iu
1003 2503 1154 2553 omnem

155 2593 430 2665 dimensionem
462 2588 713 2689 amplificatas.
742 2597 804 2663 Hae
836 2608 1023 2668 tumorem
1049 2597 1156 2673 illum

156 2709 203 2782 de
220 2734 300 2807 quo
317 2709 460 2781 dictum
478 2723 557 2795 est,
575 2709 754 2805 utrinque
784 2707 969 2783 faciebant
996 2710 1156 2802 durum.;

156 2851 244 2899 nam
259 2827 360 2897 durae
377 2826 465 2923 ipsae
483 2850 637 2922 quoque
654 2826 813 2897 inventae
833 2844 920 2899 sunt
931 2856 940 2916 3
953 2829 1040 2901 licet
1056 2832 1156 2907 intus

157 2942 404 3041 purulentum
435 2940 627 3028 ichorem‚
655 2944 760 3038 cujus
792 2969 878 3043 pars
898 2945 1039 3023 effluxit
1066 2948 1158 3030 dum

156 3061 367 3147 claviculae,
391 3058 461 3130 sub
480 3058 640 3155 quibus,
660 3076 696 3131 et
715 3067 888 3158 proximo
911 3080 1038 3139 sterno
1056 3067 1159 3138 subi·

155 3179 249 3253 bant
259 3175 650 3263 illae,detraherentur.
665 3176 778 3249 Erant
792 3179 850 3251 his
862 3182 999 3253 similes
1013 3183 1160 3273 colore,

50 3391 54 3398 Ι
157 3295 313 3383 duritie,
329 3309 365 3365 et
382 3295 511 3366 ichore
527 3294 710 3391 glandulae
722 3297 873 3394 reliquae
882 3300 1084 3397 jugulares.
1100 3308 1160 3373 Hae

157 3411 1161 3497 tamenmultominusexcreverant.Axillaresveronec

159 3544 370 3617 creverant,
391 3555 462 3601 nec
481 3529 596 3599 ullam
615 3530 723 3602 aliam
737 3556 849 3628 passae
865 3549 970 3604 erant
986 3541 1160 3611 mutatio·

157 3673 256 3724 nem.
271 3651 428 3734 Contra,
440 3672 522 3744 quae
532 3646 579 3718 ad
592 3649 752 3747 primam
766 3649 892 3720 locatae
903 3667 991 3730 sunt
1010 3653 1162 3727 divisio·

158 3790 246 3837 nem
256 3789 393 3863 asperae
404 3767 567 3851 arteriae,
585 3790 630 3836 ex
650 3767 767 3863 nigris
776 3768 886 3855 albae3
899 3793 944 3841 ex
963 3773 1161 3870 parvisque

155 3881 261 3977 ,factae
271 3880 641 3956 erantmediocribus
651 3908 731 3953 uvae
744 3886 971 3960 acinishaud
983 3890 1161 3979 minores,
