2580 4514
144 355 212 450 372
310 376 355 420 nu
382 373 592 420 sennaser
618 371 740 418 causis
765 372 977 420 uoaaonuu

143 488 189 558 ab
214 488 301 584 ipsis
313 485 463 556 habitas
487 456 576 555 et'in
601 484 845 581 Sepulchreto
871 487 926 581 (ι)
945 485 1123 574 collectas,

123 683 125 691 Α
144 629 274 675 eorum
295 605 360 699 qui
378 602 487 672 simul
503 603 608 672 lienis
625 603 715 670 vitio
735 617 771 670 et
789 603 932 672 vomitu
951 604 1123 700 sanguinis

142 719 417 806 laboraverant3
442 718 582 788 nullam
605 733 738 814 praeter
759 743 870 787 unam
889 721 944 813 (a)
957 721 1124 806 invenies,

142 839 276 936 quaein
288 835 496 907 ventriculo
512 859 575 905 vas
592 835 744 929 aliquod
758 832 950 907 manifeste
966 848 1124 934 'apertum

142 953 322 1025 ostendat.
351 953 503 1048 Scripsit
526 951 627 1020 illam
651 952 828 1021 Riolanus
851 950 949 1022 libro
978 953 1125 1022 Anthross

142 1097 247 1169 pogr.
269 1098 287 1140 2
313 1069 365 1139 ibi
384 1068 570 1152 indicate,
589 1092 658 1136 nec
673 1082 796 1137 tamen
817 1093 898 1165 cap.
928 1068 992 1155 15,
1009 1069 1069 1140 sed
1093 1094 1124 1166 17

140 1188 210 1258 sub
232 1185 357 1258 finem.
379 1187 447 1256 Cui
471 1184 621 1281 quidem
642 1208 740 1270 rem,
759 1184 821 1254 sed
849 1201 890 1255 ut
916 1187 1031 1283 paulo
1054 1200 1127 1256 ante

140 1303 390 1403 explicabam‚
417 1300 523 1372 facile
542 1301 716 1390 credam,
738 1302 840 1398 quod
867 1303 914 1372 ad
941 1328 1005 1374 vas
1027 1303 1128 1373 breve

140 1425 270 1494 attinet
285 1421 330 1492 ad
348 1421 491 1489 minimi
506 1418 610 1514 digiti
627 1418 910 1489 crassitudinem
924 1419 1129 1490 dilatatum:

141 1541 290 1612 credam
309 1539 437 1623 etiam,
456 1538 485 1606 si
506 1538 577 1624 viS,
592 1535 883 1633 deprehendisse
898 1537 937 1605 in
954 1538 1137 1608 ventricuss

139 1658 216 1728 lum
243 1656 341 1725 idem
357 1679 419 1722 vas
434 1653 671 1749 adapertum:
686 1679 902 1749 quanquam
929 1653 984 1723 ibi
1009 1653 1131 1751 procli·

138 1774 280 1842 viorem
298 1794 375 1840 esse
386 1768 494 1838 video
507 1768 550 1838 ad
567 1794 607 1839 ea
623 1770 803 1865 augenda,
818 1794 900 1866 epa
911 1794 1016 1839 suam
1030 1772 1131 1841 istam

140 1885 363 1959 confirment
391 1887 620 1956 sententiam.
653 1887 761 1956 Mitto
787 1887 886 1955 enim
915 1886 1022 1982 quod
1042 1889 1132 1957 exV

140 2003 410 2100 epidemiorum
442 2001 537 2071 libro
562 2003 596 2070 ei
617 2026 727 2097 quem
761 2004 952 2100 sanguinis
976 2004 1131 2074 vomitus

139 2119 405 2205 suffocaverat,
435 2144 519 2188 cum
536 2116 648 2188 refert
661 2118 716 2187 ad
730 2119 892 2216 splenem
909 2134 946 2188 et
967 2119 1133 2189 deorsum

138 2237 293 2308 multum
308 2242 523 2330 sanguinem
535 2235 738 2332 prodiisse,
760 2236 853 2306 nihil
871 2236 985 2307 addat
998 2237 1046 2308 de
1056 2262 1132 2307 eon·

93 2430 104 2442 ,
139 2379 229 2452 grua
261 2353 398 2423 horum
430 2352 632 2422 verborum
663 2354 998 2450 interpretatione,
1033 2332 1132 2451 quasi

137 2473 264 2542 mallet
278 2525 287 2558 ,
301 2471 346 2541 de
365 2470 554 2567 sanguinis
570 2470 667 2541 intra
688 2484 857 2542 ventrem
878 2472 980 2541 exitu
994 2471 1008 2568 (
1021 2496 1129 2568 quem

137 2589 384 2687 perantiquus
409 2587 488 2681 ejus
506 2586 591 2656 libri
609 2602 759 2675 auctor,
784 2589 927 2684 quippe
955 2603 1050 2658 tunc
1085 2590 1135 2657 in·

137 2709 269 2777 usitata
290 2705 487 2773 hominum
504 2719 693 2790 anatome,
715 2702 847 2776 vidisse
863 2728 942 2773 non
962 2704 1133 2802 poterat)

15 2819 17 2823 ¹
136 2825 242 2921 quasi
261 2822 357 2905 haec,
382 2822 551 2915 inquam,
580 2822 630 2890 sic
661 2820 786 2891 mallet
814 2821 1133 2918 intelligi,·quam

137 2939 183 3010 de
202 2937 394 3038 perrubris
408 2937 445 3004 in
465 2950 550 3006 cute
565 2937 741 3023 maculis,
758 2950 799 3007 ut
811 2937 997 3008 Vallesius
1010 2937 1068 3035 (3)
1083 2964 1132 3010 ex-

136 3060 268 3157 plicat,
286 3057 332 3126 ad
345 3057 452 3127 lienis
467 3058 677 3152 regionem,
691 3073 727 3128 et
742 3057 838 3127 infra
852 3057 1128 3156 apparentibus

100 3241 105 3251 Ι
135 3182 215 3246 Hoc
243 3175 356 3270 igitur
384 3173 501 3243 mitto.
531 3173 602 3243 Sed
629 3175 774 3246 mittere
794 3198 1036 3271 nequaquam
1053 3199 1130 3272 pos·

138 3317 219 3362 sum
232 3286 335 3387 quod
353 3291 391 3359 in
410 3290 594 3360 Cardinali
607 3291 717 3377 Cibo,
732 3307 816 3387 post
831 3291 1007 3363 eumdem
1024 3293 1130 3362 vomi·

136 3423 217 3479 tum
244 3421 414 3495 mortuo,
437 3391 643 3511 ⁴notcwisse,
678 3409 751 3495 ait,
783 3408 1008 3480 Volverdum
1038 3409 1128 3479 libro

171 3704 215 3781 (ἰ)
235 3709 269 3762 L.
287 3708 322 3774 3,
337 3725 360 3762 s.
376 3705 408 3775 8,
424 3705 487 3760 obs.
501 3724 534 3775 71
553 3716 582 3761 et
597 3723 657 3781 seq.

71 3804 80 3830 ¹
172 3806 215 3881 qa)
235 3805 308 3862 Obs.
324 3805 371 3874 73.

172 3903 215 3980 (3)
237 3905 401 3961 Commeat.
416 3903 449 3960 in
460 3920 527 3962 eum
537 3904 594 3962 loc.
608 3922 637 3959 n.
652 3903 699 3974 37.
794 3911 796 3918 '
