2580 4514
170 396 235 442 mu.
255 395 311 441 111.
339 395 387 440 DE
406 390 547 439 ‘MORBIS
571 391 1018 454 VENTa15,nrlst.xxxln.
1049 394 1116 466 217

141 508 243 580 morbi
254 507 393 604 hujus,
409 522 445 577 et
459 522 550 577 tunc
568 521 604 576 et
622 531 708 576 cum
735 521 863 604 postea
888 522 1018 580 auctus
1044 524 1133 596 est„

145 625 245 697 ethoe
268 649 423 722 quoque
452 608 623 722 tempore
655 623 855 720 diligenter
885 628 1119 723 perspicere,

149 743 232 839 quale
246 744 291 816 sit
308 743 481 841 superins
497 758 534 813 et
549 739 705 813 inferius
716 757 922 813 extremum
939 744 1019 814 tubi
1032 769 1120 841 pro-

149 856 291 948 leuatis,
312 874 349 929 et
368 884 450 956 quae
466 858 581 953 hujus
604 860 650 929 sit
671 864 927 946 conn'stentt'a3
951 860 1005 929 illi
1023 859 1117 933 forte

139 976 244 1048 'minus
267 973 418 1048 difficile
448 990 545 1048 esset
568 1001 674 1047 veras
700 976 823 1047 morbi
844 999 972 1048 causas
1001 979 1120 1072 conji-

150 1111 219 1162 cere.

186 1209 209 1279 3.
231 1214 306 1301 Hae,
333 1213 364 1282 si
396 1210 456 1280 vel
486 1213 767 1306 conjunctarum
800 1210 979 1281 duntaxat
1004 1236 1121 1307 genus

150 1343 327 1420 spectetur,
353 1328 479 1398 multae
502 1351 581 1399 esse
602 1343 779 1425 possunt,
805 1328 1044 1425 multumque
1063 1330 1122 1399 in-

149 1453 188 1513 ter
195 1471 226 1518 se
238 1447 502 1545 discrepantes.
516 1446 799 1518 Eruditissirnus
814 1446 905 1518 civis
923 1472 1030 1518 meus
1042 1448 1123 1517 Hie-

146 1581 301 1662 ronymus
312 1563 544 1636 Mercurialis
558 1562 670 1659 (1),et
685 1564 904 1636 Ambrosius
913 1570 1058 1636 Paraeus
1068 1567 1122 1660 (a)

143 1700 233 1752 uuam
256 1682 444 1781 praecipue
475 1677 653 1766 afferunt,
684 1683 864 1759 nimirum
895 1681 1122 1779 sphincteris

137 1800 185 1869 ani
210 1799 504 1884 relaxationem,
531 1824 611 1894 quae
638 1799 858 1870 intestinum
890 1802 990 1871 exire
1015 1803 1120 1872 sinat.

129 1917 191 1988 Sed
211 1905 336 2014 neque
359 1916 504 1986 medica
524 1917 751 2015 experientia
775 1919 935 2014 patitur,
952 1935 994 1989 ut
1016 1916 1122 1990 facile

124 2038 316 2122 assentiar,
347 2035 489 2133 quippe
514 2059 557 2108 ea
586 2034 741 2106 edoctus
766 2060 813 2105 ne
840 2028 1122 2133 verac‘quidem
1187 2068 1189 2072 ⁴

122 2154 346 2253 sphincteris
359 2151 460 2222 illius
484 2151 644 2249 paralysi
665 2153 787 2223 statim
809 2152 1009 2225 succedere
1037 2154 1124 2226 soli-

120 2286 199 2344 tum
223 2295 303 2344 esse
324 2270 494 2340 intestini
513 2272 675 2356 exitum,
695 2268 759 2341 sed
783 2284 955 2368 tempore
971 2270 1123 2342 demum

119 2378 361 2488 interposito:
374 2404 410 2459 et
423 2389 462 2457 in
475 2402 606 2458 nostro
616 2387 819 2484 prasertim
831 2412 928 2485 aegro
941 2389 1124 2488 intellige,

119 2532 233 2606 quam
251 2504 432 2577 robustus
453 2503 576 2575 adhuc
589 2506 619 2575 is
635 2503 825 2576 musculus
841 2505 906 2592 sit,
926 2522 1042 2602 utque
1064 2505 1126 2576 alii
1149 2601 1150 2605 Ἰ
1197 2563 1201 2570 .

119 2626 224 2697 omni
239 2625 351 2695 etiam
367 2622 533 2692 violento
552 2622 698 2694 resistat
718 2623 848 2693 motui.
872 2628 891 2692 J
895 2647 1037 2695 oannes
1058 2649 1124 2694 au-

119 2758 192 2814 tem
212 2741 397 2812 Riolauus
414 2738 485 2837 (3),
500 2755 695 2837 parentem
712 2740 817 2828 dico,
834 2739 881 2809 ad
899 2739 1124 2836 sphincteris

119 2860 407 2948 relaxationem,
429 2857 638 2928 levaturum
661 2881 815 2954 quoque
843 2857 903 2927 ani
931 2855 1125 2928 relaxatio·

119 3004 205 3051 nem
228 2976 420 3073 adjungit:
444 2973 617 3071 hancque
632 2999 719 3072 pars
743 2999 878 3072 magna
892 2972 1125 3045 medicorum

119 3096 298 3196 agnoscit.
320 3098 399 3191 Ego
416 3117 507 3162 vero
522 3093 617 3164 sitne
625 3091 709 3172 ¹hacc
722 3107 759 3163 et
775 3091 822 3163 ab
840 3093 948 3162 initio
962 3087 1124 3163 fueritin

119 3214 190 3286 hoc
211 3237 322 3300 casu,
341 3236 466 3307 neque
490 3208 668 3305 audacter
689 3235 824 3307 negare
848 3209 981 3295 velim,
1000 3235 1124 3308 neque

119 3355 188 3430 pro
208 3344 314 3402 certo
339 3325 525 3400 affirmare
551 3328 702 3424 possim.
726 3333 807 3399 Hoc
829 3342 975 3399 tantum
1002 3329 1078 3415 aio,
1096 3329 1126 3399 si

119 3448 214 3520 forte
229 3448 340 3519 etiam
355 3448 420 3532 sit,
434 3460 534 3516 certe
554 3445 715 3543 amplius
734 3445 851 3517 solam
871 3471 949 3515 non
964 3469 1054 3517 esse.
1073 3450 1125 3515 Ex

153 3753 201 3830 (1)
222 3755 268 3808 De
281 3750 377 3807 morb.
390 3769 476 3825 puer.
493 3751 514 3805 l.
530 3769 562 3820 1,
576 3770 602 3806 c.
618 3767 664 3805 ro.

155 3853 200 3930 (a)
222 3855 314 3927 Oper.
332 3851 464 3926 chirurg.
480 3853 500 3904 l.
517 3870 550 3921 7,
570 3870 594 3906 c.
614 3849 660 3905 18.

152 3951 199 4034 (3)
219 3952 316 4012 Meth.
329 3951 405 4006 med.
419 3961 488 4006 sect.
504 3950 521 4006 3
529 3991 538 4021 ,
552 3949 605 4005 ubi
615 3949 652 4010 de
662 3948 758 4006 Ileosi.
