2580 4514
171 399 239 446 ma.
258 396 313 444 111.
333 396 380 447 aa
397 360 532 444 noeais
548 396 716 459 vaurms,
734 396 845 443 arrsr.
866 398 1016 446 xxxvrn.
1044 374 1117 469 619

120 509 172 606 da
199 526 235 581 et
262 508 444 598 subsalsa,
466 512 587 582 variis,
602 511 767 582 admistis
789 511 997 606 liquoribus
1022 510 1117 581 nihii

122 651 281 728 prorsus
299 643 438 707 mutata
464 643 538 715 est,
564 644 607 698 ut
632 653 756 722 neque
780 626 974 698 bulliendo
999 628 1117 724 magis

121 761 384 834 ouiicreuerat,
396 770 471 843 qua
485 750 700 817 ceterarum
718 747 758 820 ia
779 744 917 842 quibus
933 741 1066 816 frustra
1078 743 1118 814 id

121 865 280 944 tentarit
303 863 534 961 hydatidum.
563 865 599 934 Si
616 852 702 934 cum
729 878 911 936 structura
934 861 1119 958 descripta

122 1005 207 1055 aaut
224 981 396 1054 conferas
417 1005 532 1078 qnam
550 981 589 1050 in
606 981 682 1053 suis
710 981 780 1054 iilis
802 961 859 1052 tot
885 981 1014 1051 vesicis
1041 978 1119 1049 ani-

122 1099 506 1172 madvertitCordaeus
520 1104 584 1190 (t),
595 1098 708 1196 (nam
725 1099 933 1194 Persius(a)
943 1097 997 1168 nil
1009 1096 1121 1168 habet

122 1217 172 1289 de
191 1232 400 1304 structura,
425 1232 615 1314 utneque
632 1216 821 1287 Ballonius
838 1215 906 1312 (3),
925 1214 997 1285 nisi
1016 1210 1121 1310 quod

123 1332 305 1431 triplicem
316 1334 544 1430 singularum
561 1339 725 1405 tunicam
750 1333 964 1424 adnotavit)
984 1330 1123 1401 intelli-

122 1471 189 1549 ges
202 1446 309 1521 facile
318 1467 504 1547 quantum
523 1451 694 1522 'Caldesio
709 1447 894 1548 profuerit
915 1473 988 1520 suae
1006 1447 1120 1545 hyda-

122 1568 211 1671 tidis
230 1569 460 1666 magnitudo.
478 1569 652 1641 Cordaeus
675 1572 777 1642 ,enirn
803 1554 883 1638 ¹iiiuc
908 1581 1053 1637 tantum
1070 1567 1124 1636 vi*-

123 1670 204 1785 Q,
221 1689 373 1758 utbinoe
396 1688 475 1759 illas
496 1689 721 1759 membranae
742 1687 982 1783 conficerent,
1008 1671 1125 1754 valde

123 1800 329 1872 candicans
341 1809 512 1892 interior,
529 1802 650 1877 ultera
660 1810 794 1875 tunicae
803 1801 1001 1874 ventriculi
1010 1799 1123 1877 stratt-

124 1917 233 2006 la'mu,
258 1926 404 1990 tenuior
426 1921 624 2018 aliquanto
648 1938 795 2010 conten,
824 1920 893 1991 sed
911 1925 950 1990 ei
974 1918 1124 2017 quidem

124 2037 313 2108 concolor.
345 2039 438 2109 Mihi
466 2062 577 2126 vero,
612 2063 828 2136 quanquam
863 2036 1018 2106 dubium
1045 2059 1125 2131 esse

124 2178 205 2223 non
225 2170 366 2250 potest,
391 2157 483 2250 quin
509 2180 640 2227 eorum
668 2155 970 2259 qum-..conspexit
997 2152 1126 2222 Calda·

122 2271 225 2354 cius‚
246 2270 413 2364 quaedam
432 2269 572 2343 fiteriut
586 2272 685 2341 iilius
700 2260 887 2379 hssridts
903 2269 1102 2366 peculiaria
1116 2293 1125 2356 3

123 2385 290 2458 necdum
323 2389 479 2484 contigit
505 2403 546 2458 ut
572 2390 610 2457 in
637 2402 721 2481 tarn
745 2411 897 2484 magnas
920 2385 1126 2456 inciderem

123 2528 243 2602 quam
255 2504 480 2590 voluissem,
500 2520 537 2575 et
556 2529 640 2576 cum
659 2504 795 2592 incidi,
815 2517 857 2573 nt
880 2503 1008 2574 liceret
1021 2500 1128 2573 aliter

124 2644 241 2718 quarn
264 2623 424 2692 exterius
441 2637 618 2719 spectare.
644 2621 781 2694 Vei-sic
801 2623 928 2692 tamen
946 2617 1128 2690 nonnulla
1238 2663 1241 2671 ·

124 2736 302 2811 adnotavi
320 2763 398 2808 nou
417 2739 571 2836 indigna
591 2736 743 2809 fortasse
770 2761 852 2836 quae
873 2739 912 2807 in
933 2736 1012 2806 aliis
1031 2735 1127 2830 ejus·

124 2853 232 2924 modi
251 2855 381 2925 sedulo
396 2855 647 2951 inquirantur.
670 2859 791 2926 Unam
813 2855 911 2924 enirn
939 2852 1014 2922 vidi
1038 2851 1127 2922 oiim

123 2972 167 3040 in
184 2972 303 3041 vitulo
322 2972 470 3042 dierum
485 2972 724 3070 quindecim,
740 2970 943 3044 rotundam
958 3024 968 3057 ,
986 2969 1129 3039 diame-

124 3103 188 3159 tro
203 3111 266 3159 sex
282 3105 480 3185 septemve
505 3090 731 3186 digitorum,
757 3087 1018 3186 pendentema
1037 3087 1129 3157 sima

123 3227 380 3302 supremaque
396 3207 576 3302 jecinoris
589 3222 693 3304 parte
707 3208 775 3294 ,in
790 3230 901 3302 quam
913 3229 950 3276 sc
960 3204 1130 3300 aliquan·

122 3336 208 3392 tum
224 3323 428 3408 inserebat,
445 3341 545 3396 arete
561 3321 667 3394 affixa
687 3324 733 3394 ad
752 3323 921 3394 duorum
935 3337 998 3393 aut
1013 3322 1128 3392 trium

121 3437 331 3536 digitorum
362 3456 545 3529 tractum3
566 3441 613 3513 ab
641 3464 757 3540 eaque
786 3456 890 3539 parte
918 3435 1128 3535 sanguii'era
