2580 4514
152 367 223 414 rna.
251 365 308 416 111.
338 369 384 415 nr
410 364 547 416 nonius
571 364 740 431 vaurms,
765 369 876 416 amsa.
898 371 994 417 xxxi.
1040 346 1105 444 157

119 482 292 554 :eratione
317 479 495 552 accidisse
513 480 625 569 vidit,
654 495 697 551 ut
722 495 800 552 tota
820 483 985 554 intestini
1015 488 1108 556 recti

119 599 259 670 nterior
277 597 497 670 membrana
515 600 566 668 ita
588 623 631 668 ex
652 597 725 667 hoc
749 597 937 695 prodiret,
957 617 998 673 ut
1016 603 1104 673 inde

119 716 266 816 pendula
288 715 335 788 ab
349 718 431 814 ipso
450 729 487 788 et
501 714 674 814 pluribus
696 714 850 787 medicis
868 717 962 790 duos
983 734 1104 792 tresve

119 830 185 905 dics
196 834 361 932 spectari
374 833 557 934 potuerit,
574 830 802 929 prohibente
822 833 920 906 illius
937 832 1045 905 firma
1059 836 1105 908 ad

122 947 277 1047 podicem
306 948 519 1021 adhaesione
549 948 767 1020 celeriorem
798 948 1003 1048 delapsum.
1033 954 1105 1025 Sed

127 1065 250 1161 etmihi
271 1065 335 1137 hic
355 1065 490 1165 obtigit
508 1063 677 1136 kalendis
687 1066 805 1161 juniis
823 1069 912 1137 anni
934 1093 1043 1166 1729,
1060 1069 1103 1142 ut

132 1179 168 1253 ab
179 1182 405 1255 consimilem
416 1205 544 1252 casum
560 1182 668 1252 enixe
680 1205 835 1278 rogarer
852 1198 893 1253 ut
906 1184 1103 1258 Hebraeum

132 1313 362 1388 mercatorem,
374 1303 393 1370 J
396 1297 557 1371 acobum
572 1295 638 1367 del
648 1303 687 1368 V
681 1290 820 1386 ecchio,
835 1301 1103 1397 consiliojuva·

134 1436 191 1487 reu
208 1442 301 1489 meo.
331 1416 425 1487 Huic
449 1419 489 1485 in
517 1412 632 1487 febris
657 1414 827 1512 malignae
853 1414 1102 1491 declinatione

135 1528 218 1605 dolor
228 1533 274 1604 ad
289 1547 436 1606 rectum
453 1533 673 1603 intestinum
693 1531 974 1606 molestissimus
989 1533 1103 1607 obor-

135 1657 178 1720 tus
191 1665 262 1722 erat
281 1673 367 1721 cum
383 1647 563 1746 ponderis
578 1663 615 1718 et
630 1647 890 1744 impedimenti
909 1674 1019 1723 sensu
1037 1679 1045 1721 :
1066 1668 1103 1726 et

133 1759 268 1866 danique
286 1791 375 1838 curn
390 1766 569 1865 sanguine
588 1765 687 1837 exire
706 1788 830 1861 nuper
844 1791 889 1837 ex
908 1791 980 1838 ano
1000 1771 1101 1842 ince-

130 1899 230 1978 perat,
256 1908 371 1982 quam
389 1881 478 1953 inde
504 1881 733 1980 pendentem
757 1885 965 1980 conspexi,
980 1909 1100 1960 crassa

128 2001 294 2096 quedam,
314 2016 356 2072 ut
371 2000 589 2085 videbatur,
607 1997 844 2088 membrana,
861 2001 909 2072 ad
927 2026 990 2074 sex
1008 2003 1101 2102 digi-

125 2124 410 2191 lastransversos
434 2117 567 2214 longa,
587 2116 722 2214 pollice
747 2116 875 2207 latior,
904 2120 1031 2214 colore
1057 2147 1101 2194 ex

119 2234 255 2315 cinereo
275 2235 410 2323 livida,
431 2249 473 2306 ut
491 2257 687 2333 gangraena
708 2247 855 2305 tentatae
874 2236 1100 2309 membranae

119 2353 251 2425 solent:
270 2377 394 2450 neque
410 2350 603 2423 excidebat
616 2366 761 2439 tamen,
778 2353 918 2450 quippe
932 2355 1028 2426 intra
1047 2358 1100 2427 in·
1131 2386 1133 2390 ⁴

119 2470 281 2543 mum
313 2469 551 2555 continuata,
584 2467 692 2565 eique
726 2491 889 2559 annexa,
919 2487 1101 2567 quantum

119 2586 401 2660 mimadvertere
430 2584 629 2682 chirurgus
647 2600 811 2682 poterat,
836 2586 1021 2661 lenissime
1038 2598 1102 2662 ex·

119 2703 261 2776 »laxans
274 2730 284 2791 ;
299 2727 386 2774 nam
403 2699 471 2773 etsi
490 2701 537 2772 ab
557 2704 637 2797 ejus
651 2703 750 2774 exitu
765 2700 875 2773 dolor
887 2700 1006 2775 factus
1021 2723 1103 2784 erat

119 2822 255 2909 uiti0r3
272 2821 420 2919 sanguis
441 2833 566 2891 tamen
587 2817 961 2916 subinde-prodibat,
987 2819 1102 2895 febris

119 2953 228 3013 utem
246 2960 290 3007 ea
306 2936 400 3007 hora
413 2937 533 3032 major
549 2949 627 3017 erat
637 2959 749 3032 quam
768 2960 876 3007 mane
889 2934 1018 3008 fuerat.
1033 2945 1103 3012 Ita-

119 3080 177 3154 [ue
194 3057 242 3126 iis
266 3079 348 3151 quae
371 3055 449 3124 visa
472 3067 561 3125 sunt
590 3053 815 3141 convenire,
846 3078 930 3124 cum
954 3059 1102 3133 seniore

119 3173 190 3271 egri
205 3170 354 3242 medico
369 3186 459 3242 tunc
474 3170 708 3258 constitutis,
723 3169 884 3244 discessi.
896 3173 962 3242 Hic
975 3190 1099 3247 autem

119 3289 283 3362 nsecutis
316 3286 449 3360 diebus
476 3287 675 3359 certiorem
704 3311 764 3357 me
795 3283 896 3376 fecit,
923 3292 1102 3366 excidisse

119 3404 380 3493 nembranam,
399 3428 467 3503 per
481 3402 705 3501 sphincteris
727 3404 853 3499 potius
870 3410 1103 3480 constrictio·

119 3548 212 3610 tem,
238 3537 282 3593 ut
300 3519 519 3609 videbatur,
537 3519 735 3617 abruptam
760 3542 880 3618 quam.
895 3523 1102 3621 integram:

119 3641 327 3740 languinem
358 3640 494 3711 iterum
516 3653 553 3709 et
575 3662 734 3736 pravum
760 3637 928 3711 ichorem
953 3645 1104 3736 exiisse3

119 3758 334 3857 tingultum',
359 3757 426 3853 qui
456 3779 588 3826 omnes
622 3770 868 3853 perterreret,
897 3763 1112 3840 accessisse..

119 3874 182 3947 libi
202 3891 329 3948 tamen
355 3873 518 3975 aliquam
542 3887 743 3971 propterea
763 3896 868 3972 spem
892 3899 1117 3978 superesse„
