2654 4508
204 381 274 426 ms.
301 379 357 425 111.
386 379 431 424 nr
459 377 787 439 nonsummum,
813 383 923 429 misr.
950 385 1047 433 xxxi.
1090 369 1157 463 173

153 518 228 592 ges.
244 497 319 564 Ant
335 495 365 564 si
379 491 503 563 adhuc
520 491 696 562 nonnihil
712 493 845 584 haereS,
860 521 999 594 sepone
1010 503 1086 597 jam
1096 505 1160 576 ob·

155 614 407 683 servationem
426 612 536 681 istam
550 609 767 697 Whartoni,
782 627 819 681 et
838 630 971 709 praeter
991 623 1160 720 exempla

155 755 237 826 quae
251 728 349 799 dicta
364 744 468 815 sunt,
487 725 543 797 fac
565 726 633 797 tibi
648 729 840 824 sanguinis
860 729 1009 806 fluentis
1028 762 1048 806 e
1062 744 1161 808 nari-

154 846 226 918 bus
251 848 376 916 veniat
399 848 438 914 in
466 860 642 915 mentem.
666 847 764 914 Num
787 862 904 948 ruptae
923 874 1070 948 semper
1094 872 1161 926 aut

155 988 271 1036 exesae
295 989 397 1034 venae
417 964 606 1052 arteriaeve
625 962 639 1030 l
656 987 749 1032 num
779 965 987 1036 exulcerata
1010 992 1160 1068 semper

156 1085 310 1153 narium
330 1082 457 1152 tmica
470 1082 484 1149 Ρ
498 1082 535 1149 Si
555 1080 625 1149 illae
646 1095 764 1176 ruptae
783 1097 848 1152 aut
867 1108 1000 1184 exesae,
1027 1089 1092 1183 qui
1118 1089 1161 1161 fit
1224 1156 1228 1163 ,

155 1217 197 1272 ut
212 1200 365 1298 sanguis
388 1223 486 1295 saepe
504 1196 610 1266 nullo
628 1221 784 1293 prorsus
795 1200 963 1270 remedio
980 1202 1162 1296 adhibito,

155 1344 222 1417 per
256 1343 295 1390 se
323 1316 518 1404 subsistat;
543 1317 572 1386 si
600 1313 679 1384 haec
704 1316 938 1407 exulcerata,
966 1320 1161 1416 quomodo

155 1435 271 1523 nihil,
289 1461 368 1505 non
395 1433 480 1505 dico
507 1434 635 1536 puris,
668 1432 806 1503 sedne
837 1434 978 1507 doloris
1006 1439 1161 1534 quidem

155 1553 431 1651 consequitur?
444 1554 554 1622 Nunc
577 1549 681 1647 quod
696 1552 735 1621 in
753 1553 900 1622 narium
927 1557 1053 1626 tunica
1079 1555 1161 1626 fieri

156 1670 355 1768 intelligis,
375 1669 476 1740 idem
495 1670 615 1766 cogita
639 1666 721 1738 fieri
737 1693 846 1765 posse
861 1671 899 1738 in
919 1673 1046 1742 tunica
1073 1656 1161 1744 inti-

158 1814 216 1859 ma
231 1790 519 1874 intestinorum,
538 1789 743 1884 praesertim
764 1812 849 1856 cum
868 1788 995 1883 injecti
1017 1816 1084 1888 per
1104 1817 1162 1861 ar-

157 1908 266 1978 terias
299 1905 481 1976 humores
505 1903 611 1975 facile
636 1904 731 1974 adeo
751 1910 820 2002 p'er
841 1921 1041 2003 utramque
1061 1912 1160 1979 tuni-

157 2026 296 2095 camin
320 2025 468 2094 narium
487 2048 616 2094 caveas
637 2038 674 2093 et
690 2025 958 2119 intestinorum·
977 2027 1161 2120 trajician-

160 2157 222 2212 tur
248 2143 315 2238 (1).
342 2147 444 2212 Pone
469 2143 583 2238 igitur
613 2154 757 2211 auctam
786 2142 977 2239 sanguinis
997 2145 1163 2239 copiam,

158 2275 311 2331 auctum
341 2261 543 2356 impetum,
571 2259 721 2328 latiores
748 2273 872 2328 autem
903 2256 1015 2330 factas
1047 2262 1085 2329 in
1118 2263 1162 2333 iis

159 2379 347 2478 praecipue
367 2378 432 2473 qui
451 2391 583 2447 natura
598 2375 698 2446 laxas
714 2391 822 2446 antea
843 2374 1047 2463 haherent,
1066 2393 1163 2448 arte·

159 2498 299 2567 riarum
321 2493 369 2566 ad
394 2495 525 2564 intima
546 2495 811 2564 intestinorum
834 2494 980 2565 ultimas
1006 2496 1083 2567 vias
1100 2512 1165 2569 aut

161 2614 390 2686 resolutione
404 2612 567 2710 quadam
585 2626 649 2682 aut
663 2636 772 2682 causa
790 2611 858 2680 alia
880 2613 1023 2708 aliqua,
1041 2630 1083 2683 ut
1101 2632 1184 2711 pu·¹

161 2747 196 2803 ta
226 2726 343 2802 nimia
368 2733 408 2801 in
439 2732 512 2801 alvi
538 2730 733 2828 prolluviis
759 2728 1070 2800 humectatione:
1095 2758 1164 2802 nec

162 2847 312 2919 difficile
324 2874 410 2918 cum
422 2848 651 2919 Boerhaavio
665 2849 885 2942 sanguinem
897 2847 998 2916 illinc
1011 2846 1164 2921 effluere

162 2990 228 3063 per
244 2968 498 3037 anastomosin
516 2966 709 3063 intelliges.

210 3090 266 3172 24.
294 3082 390 3155 Vide
409 3099 550 3170 autem,
564 3108 612 3154 ne
625 3107 744 3153 unum
760 3080 955 3170 duntaxat,
976 3068 1042 3152 sed
1058 3084 1166 3180 plura

164 3203 272 3273 simul
304 3227 437 3272 eorum
455 3225 574 3297 ponas
602 3225 683 3297 quae
710 3198 807 3269 dicta
835 3215 931 3270 sunt.
958 3202 1051 3269 Nam
1079 3226 1166 3272 cum

163 3319 411 3391 Boerhaavius
435 3321 486 3389 sic
513 3318 624 3388 docet
654 3317 708 3413 (a)
735 3316 887 3413 quando
919 3327 1069 3414 sanguis
1094 3346 1168 3417 per

157 3454 358 3535 portarum
372 3460 525 3522 venam,
542 3439 691 3532 ejusque
704 3460 829 3505 ramos
846 3441 974 3531 nequit
991 3444 1165 3526 transire,

164 3569 247 3627 tunc
261 3562 340 3654 lpse
351 3578 474 3650 purus
491 3559 641 3650 sanguis
644 3577 721 3649 per
734 3559 990 3623 anastomosin
1003 3579 1051 3623 ex
1064 3561 1167 3626 vasti

200 3841 244 3920 (ι)
265 3842 336 3899 Vid.
350 3853 413 3909 not.
426 3843 534 3898 Haller.
553 3841 617 3910 ad§
635 3847 690 3914 497
707 3839 837 3896 earumd.
855 3840 986 3913 praelect.
1026 3883 1029 3887 .

202 3941 245 4018 (a)
268 3942 315 3997 Ad
328 3946 343 4011 §
356 3941 405 3996 eit.
419 3941 486 4006 814.
