2580 4514
122 96 191 179 104
284 114 331 161 na
358 114 504 163 seorsus
527 116 573 164 nr
597 115 722 165 causts
746 114 956 166 nonnosum

116 229 196 299 mul
214 232 445 326 pancreatis,
463 232 575 303 simul
601 231 770 304 duodeni
793 233 962 305 intestini
987 232 1122 303 vitium

120 349 367 444 conjunctum
383 348 563 436 babeant,
580 350 681 422 velut
699 350 798 421 hanc
810 376 924 448 quam
941 350 1120 421 continuo

120 463 314 560 subjiciam
330 466 376 536 ab
392 469 696 553 exercitatissimo
713 483 931 566 prosectore
943 466 1121 539 Mediavia

122 599 254 654 nostro
275 583 343 654 sub
361 586 508 655 initium
530 586 696 658 octobris
713 587 878 660 habitam
900 588 992 657 anni
1016 586 1122 684 1733,

122 714 159 771 et
178 725 326 771 mecum
343 703 390 773 ab
410 730 455 773 co
477 728 597 800 usque
613 719 783 801 tempore
794 705 1119 775 communicatam.

176 845 229 890 12.
245 821 487 906 Monachum,
498 846 634 919 genere
652 838 688 893 et
703 821 872 895 moribus
884 821 1123 909 nobilem,ex

125 961 227 1009 sacra
248 941 568 1036 Capaccinorum,
587 955 629 1011 ut
646 955 805 1024 vocant,
823 937 981 1025 familia,
1002 939 1123 1011 multi·

123 1056 208 1154 piex
235 1058 412 1145 morbus,
438 1057 605 1156 hydrops
634 1060 861 1155 prasertim,
890 1058 1124 1154 vomitusque

124 1173 365 1266 confecerant
399 1200 540 1246 annum
580 1191 751 1273 agentem
787 1176 1021 1273 trigesimum
1055 1189 1125 1245 ter-

123 1293 447 1365 sustentaveris
476 1295 655 1364 universa
676 1297 752 1364 cuti
777 1317 879 1390 aquae
899 1291 1043 1389 aliquid
1071 1316 1125 1363 su·

123 1411 254 1486 berat.
280 1413 405 1507 itaque
432 1426 469 1482 et
493 1412 608 1508 pedes
632 1411 815 1483 oedemate
841 1408 1041 1489 tumebant
1064 1409 1125 1481 ali·

127 1544 323 1626 quantum.
345 1533 482 1599 Venter
499 1544 624 1599 autem
648 1553 716 1599 nec
737 1528 843 1599 valde
857 1526 1045 1613 tumebat,
1060 1549 1125 1597 nec

126 1646 212 1745 plus
224 1671 328 1744 aqum
341 1647 441 1717 intus
458 1645 590 1718 habuit
603 1672 715 1743 quam
731 1645 844 1717 libras
864 1647 1015 1716 circiter
1026 1644 1123 1717 duas

125 1769 236 1835 Jecur
253 1782 289 1834 ct
310 1764 383 1835 lien
396 1786 504 1860 aequo
519 1766 659 1861 majora
677 1792 684 1834 :
705 1763 796 1834 illud
811 1779 988 1862 praetcrea
1005 1763 1126 1835 subat-

125 1881 236 1967 bum,
254 1881 395 1952 lobulis
422 1884 655 1979 conspicuis,
681 1883 830 1952 durum.
850 1885 894 1951 In
920 1882 1127 1953 ventriculo

126 1998 221 2070 nihil
238 1999 481 2072 adnotatione
501 2001 658 2099 dignum
689 1998 779 2087 fuit,
806 2001 837 2071 si
855 2000 1010 2098 pienum
1036 2002 1130 2072 cxci·

126 2120 206 2216 pias
220 2117 356 2215 digitos
373 2118 489 2189 latum
509 2118 556 2189 ad
573 2119 688 2207 duos,
706 2118 861 2215 longum
884 2110 935 2188 ad
948 2133 1134 2214 quatuor,

127 2261 172 2307 ex
190 2233 377 2332 glandulis
393 2232 693 2323 confertissimis,
713 2235 814 2307 lente
835 2234 989 2332 quidem
1009 2238 1137 2308 mino

127 2350 249 2439 ribus,
275 2350 339 2422 sed
361 2350 557 2425 manifesto
576 2353 706 2424 osculo
728 2352 920 2451 praeditis:
945 2354 976 2423 is
1000 2353 1140 2451 plexus

129 2485 207 2540 erat
235 2471 274 2538 in
294 2470 494 2542 ventriculi
525 2468 645 2543 fundo
672 2496 792 2570 prope
819 2486 970 2541 antrum
997 2472 1136 2569 pylori.

126 2585 242 2681 Digiti
252 2600 376 2657 autem
388 2587 587 2660 intervallo
600 2587 696 2658 infra
707 2588 881 2686 pylorum
891 2642 901 2675 ,
910 2587 1137 2659 duodenum

127 2703 347 2774 intestinum
367 2704 595 2803 nigricabat,
613 2721 650 2777 et
668 2705 782 2802 paulo
797 2702 952 2776 inferius
971 2703 1137 2776 skirrho

128 2844 212 2891 sum
239 2838 327 2892 erat.
348 2826 532 2894 Pancreas
549 2847 704 2919 quoque
723 2822 855 2894 durius
877 2820 956 2892 fuit.
983 2825 1027 2891 ln
1047 2821 1136 2893 tho-

127 2938 223 3011 racis
248 2952 411 3038 utroque
436 2965 528 3011 cavo
555 2964 652 3036 aqua
675 2964 754 3010 non
775 2964 905 3037 pauca.
929 2939 1134 3011 Pulmones

126 3058 319 3127 contracti.
340 3060 416 3127 Cor
437 3056 516 3127 sine
532 3055 839 3127 concretionibus
856 3055 1052 3153 polyposis
1070 3082 1078 3123 :
1098 3048 1134 3126 et

127 3174 209 3269 ejus
225 3173 456 3245 valvularum
475 3173 600 3269 aliqua
618 3199 696 3245 non
718 3177 797 3246 sine
818 3198 921 3244 ossea
942 3174 1129 3270 portione.

127 3293 228 3363 Ossis
244 3305 369 3362 autem
395 3290 486 3360 olim
506 3288 622 3363 futuri
645 3293 749 3362 initia
773 3293 812 3361 in
839 3288 931 3361 facie
950 3291 1131 3361 interiore

125 3408 359 3507 apparebant
384 3410 526 3479 arteria
546 3435 688 3508 magnae
715 3409 761 3480 ab
785 3410 899 3479 ramis
926 3409 1131 3505 superiori·

124 3524 198 3599 bus
211 3550 332 3623 usque
349 3526 395 3596 ad
411 3528 653 3625 emulgentes.
675 3533 727 3598 Ea
742 3527 900 3612 arteria,
919 3527 958 3595 in
971 3549 1129 3623 procero

123 3642 293 3741 alioquin
312 3666 493 3740 corpore,
511 3646 572 3715 vix
591 3644 750 3743 digitum
762 3643 1011 3716 crassitudine
1023 3668 1130 3741 supe·
