2580 4514
140 322 211 412 504
303 345 350 395 ou
375 345 524 393 snnmus
549 346 593 392 ur
618 344 744 394 crusis
769 318 986 392 nonronmt

137 487 186 532 ne
199 460 353 558 legitur3
372 461 450 529 imo
465 459 512 530 de
529 459 680 529 nemine
701 482 837 529 eorum
855 457 1123 556 quibusvesicu»

139 579 174 650 la
190 577 340 648 calculis
358 592 585 673 praegravata
599 589 714 662 esset,
729 568 837 672 qiiod
857 574 908 647 de
925 574 993 645 illo
1008 576 1126 645 Comite

136 696 268 793 legisse
283 694 456 781 memini,
470 693 562 764 dum
581 717 620 765 se
640 694 680 763 in
699 693 796 764 lecto
818 691 1126 763 circumvolvent.
1179 704 1181 713 '

64 859 68 869 ·
137 813 193 884 Ad
209 837 321 909 quem
337 811 563 908 respexisse,
584 825 800 908 temporum
817 825 989 907 spectata
1007 810 1136 880 ratione*

139 930 352 1004 Stieberum
372 928 430 1026 (ι)
451 928 697 1016 crediderim,
714 951 799 998 cum
820 927 1017 1022 ejusmodi
1031 927 1131 1000 obser·

139 1048 281 1119 vationi
294 1048 448 1119 alteram
470 1045 610 1142 objecit
629 1045 850 1144 lapillorum
862 1043 1074 1142 plusquam
1087 1043 1133 1115 ‹lu

140 1181 330 1237 centorum
351 1166 390 1236 iu
408 1164 478 1235 viri
500 1164 580 1259 ejus
602 1164 694 1262 cysti
714 1156 844 1262 quide
861 1161 1005 1233 dolore
1020 1186 1132 1258 grava·

142 1291 213 1355 tivo
234 1283 362 1353 deutri
384 1281 510 1353 luteris
529 1281 627 1351 nllu‘l
647 1291 812 1378 uuquam
833 1296 1066 1378 conquestus
1070 1281 1135 1370 fite
1179 1356 1181 1361 ,

143 1417 214 1472 rut.
238 1401 309 1472 Sed
329 1398 384 1470 fac
402 1400 531 1496 plures
546 1398 592 1471 de
615 1398 747 1500 eodem
764 1396 831 1470 illo
848 1421 987 1486 sensu,
1011 1397 1058 1469 de
1078 1419 1135 1494 quo

141 1519 292 1589 Hildani
315 1522 466 1602 Comm,
484 1515 596 1589 fuisse
628 1530 869 1614 conquestos.
899 1521 950 1586 At
973 1514 1033 1585 fac
1048 1513 1136 1587 simul

141 1636 293 1706 illorum
320 1635 389 1706 tihi
403 1635 637 1706 sacculorum
662 1634 786 1704 veniat
804 1634 845 1702 in
872 1648 1070 1714 mentem,
1087 1631 1136 1729 qui

140 1753 292 1823 calculis
311 1776 440 1848 graves
458 1752 662 1848 n'jecinore
677 1749 898 1848 pendebant
919 1751 1004 1840 (α),
1022 1764 1083 1820 aut
1097 1750 1136 1846 ip

143 1871 219 1940 sius
232 1871 343 1939 etiam
361 1866 476 1940 fellere
493 1869 661 1940 vesiculae
678 1892 761 1965 qnae
778 1869 930 1964 ingenti
946 1869 1058 1964 copia
1071 1864 1136 1937 bilis

143 1985 375 2056 crassissimae
387 2010 464 2055 non
482 1986 597 2056 semel
612 1999 760 2082 reperta
779 1998 834 2055 est
851 1984 998 2053 mirum
1019 1983 1059 2053 in
1075 2005 1137 2052 mo·

143 2102 234 2173 dum
259 2103 429 2175 distenta.
453 2102 642 2200 Intelliges
664 2127 751 2174 sane
767 2101 814 2172 ad
832 2101 1016 2172 eumdem
1033 2100 1138 2173 locum

143 2219 317 2292 eumdem
338 2243 488 2292 sensum
518 2244 636 2290 nona
660 2220 812 2291 calculis
836 2218 989 2307 solum,
1006 2235 1062 2307 et,
1084 2219 1139 2290 sia

143 2338 294 2409 calculis
311 2364 390 2409 non
410 2337 457 2408 ab
474 2340 519 2410 iis
533 2354 676 2410 tantum
692 2362 789 2436 quos
806 2335 902 2408 fellis
921 2337 1089 2409 vesicula
1099 2339 1141 2405 in·

143 2456 505 2564 cludatpaliquando
525 2481 604 2528 esse
625 2480 747 2553 posse.
764 2455 904 2526 Iisdem
919 2468 1049 2526 autem
1060 2453 1141 2525 aliis·

144 2599 218 2671 que
249 2574 428 2672 §templis
456 2575 567 2645 etiam
598 2573 884 2659 distentionem,
918 2598 1040 2670 quam
1076 2595 1142 2644 non

140 2715 237 2788 aeger
254 2691 370 2762 niodo
384 2691 448 2763 sed
463 2706 500 2763 et
512 2692 697 2789 medicus,
726 2690 878 2762 admota
904 2690 956 2761 ad
986 2715 1074 2789 eum
1099 2689 1142 2760 lo

142 2833 227 2879 cum
253 2835 368 2911 manu
389 2788 592 2907 pereipiat,
613 2824 649 2881 et
666 2807 769 2906 quod
787 2809 1063 2905 consequitur,
1080 2831 1145 2877 mo·

139 2925 184 2996 lis
214 2927 447 2998 calculorum
475 2925 669 3014 ellectum,
704 2927 843 2996 horum
871 2940 1009 2996 notam
1038 2922 1143 2996 ambi·

141 3068 251 3140 guam
270 3045 438 3142 praebere
460 3043 700 3116 manifestum
721 3059 784 3115 est.
809 3043 1004 3139 Asperitas
1029 3055 1141 3114 restat

81 3202 89 3226 2
139 3162 259 3250 Quam
286 3164 452 3259 primum
478 3162 563 3235 dico
580 3217 589 3248 ‚
607 3179 648 3234 ut
666 3161 713 3232 de
731 3159 902 3257 pondere
915 3160 997 3255 jam
1019 3159 1095 3230 dixi
1112 3170 1143 3229 et

141 3275 265 3348 dicere
287 3295 457 3375 poteram
479 3279 526 3350 de
553 3280 673 3367 mole,
700 3303 779 3349 non
797 3302 878 3348 eam
899 3301 1054 3374 semper
1072 3298 1140 3348 esse

138 3419 221 3492 quoe
251 3397 396 3469 irritare
425 3399 563 3494 possit,
597 3413 634 3468 et
658 3395 866 3482 irritand0,
900 3420 938 3466 se
975 3395 1138 3492 prodere.

138 3512 283 3585 Deinde
300 3514 405 3604 dico,
430 3515 488 3584 vel
507 3539 592 3586 cum
612 3513 798 3612 ejusmodi
815 3528 890 3599 est,
908 3512 1001 3584 alias
1019 3512 1138 3623 copia,

144 3690 1134 3709 mm*

131 3833 133 3837 ν
175 3796 219 3873 (1)
242 3796 430 3866 Sepulch1·.l.
451 3802 465 3856 3
479 3821 521 3869 ,s.
539 3821 583 3873 17,
599 3803 663 3859 obs.
683 3808 733 3868 il,
749 3803 764 3868 S
778 3799 794 3855 3
808 3814 875 3855 eum
890 3795 988 3855 schol.

175 3893 216 3973 (nl
238 3900 307 3952 Vid.
321 3917 423 3973 supra,
437 3920 466 3954 n.
484 3901 530 3958 13.
