2580 4514
222 370 290 418 ιιιι.
320 368 374 427 ιιι.
392 371 450 435 ¹nn
476 369 611 447 nonnis
637 370 804 436 vortrars,
828 374 939 433 nmsr.
967 375 1048 420 xxx.
1096 353 1142 448 87
1176 445 1180 452 Ι

135 484 308 557 medicus
341 485 394 556 sal
429 484 607 557 absinthii
640 484 826 573 dedisset,
858 511 919 559 eas
948 488 1144 570 stomacho

134 603 328 675 molestias
343 607 502 691 creavit,
516 617 558 683 ut
574 626 772 703 nunquam
792 618 920 699 postea
936 601 1065 685 datum
1084 607 1141 680 sit.⁴

132 720 303 793 Tandem
326 721 496 799 saeviente
519 720 665 791 vomitu
683 743 769 796 cum
792 718 959 815 ejusdem
979 723 1141 799 materiae
1211 754 1215 764 ·

135 839 374 925 excretione,
390 836 576 934 languidis
594 837 730 909 sensim
749 832 853 918 iactis
866 837 1036 935 pulsibus
1050 863 1143 914 con*

134 971 261 1031 secuta
298 980 402 1028 mors
437 971 503 1053 est,
526 954 649 1031 idibus
683 943 910 1025 novembris
944 955 1141 1037 Cadaveris

134 1098 270 1155 omnes
289 1063 438 1148 articuli
449 1071 589 1143 flexiles
605 1088 733 1144 erant:
756 1072 860 1168 quod
879 1073 917 1141 in
938 1071 1018 1145 aliis
1037 1073 1141 1158 haud

136 1191 184 1261 ita
197 1188 337 1269 crebro
349 1190 523 1273 occurrit.
537 1194 582 1267 In
592 1189 808 1277 ventriculo
814 1189 990 1286 pylorum
1000 1213 1141 1287 versus,
1178 1275 1181 1281 ,

131 1323 259 1391 tumor
280 1323 359 1391 erat
385 1331 587 1384 cancrosus
612 1307 867 1401 exulceratus,
892 1307 1031 1411 hicque
1057 1306 1140 1385 fieri

123 1427 231 1496 ‹visus
253 1440 310 1496 est
325 1450 370 1496 ex
390 1423 654 1521 glandularum
672 1426 871 1522 congerie,
889 1449 972 1524 quae
988 1450 1139 1526 pressae,

133 1541 336 1613 humorem
370 1540 592 1639 premebant
616 1541 773 1611 similem
799 1541 956 1614 humani
978 1534 1140 1629 seminis.

134 1659 373 1745 Ventriculus
408 1673 532 1736 autem
572 1673 647 1741 tres
687 1657 803 1750 libras¹
839 1662 999 1731 materiae
1046 1688 1137 1748 con-

135 1775 277 1848 tinebat
303 1775 471 1871 ejusdem
498 1773 614 1860 ferme
645 1791 787 1863 naturae
811 1801 853 1849 ac
886 1803 968 1874 quae
993 1781 1139 1861 vomitu

134 1893 363 1988 ejiciebatur.
386 1898 489 1975 Inter
511 1892 764 1981 yeutriculum
788 1909 824 1964 et
850 1894 1004 1981 lienem,
1032 1913 1139 1982 erarrt

133 2009 207 2082 duo
236 2011 459 2108 glandulosa
485 2010 709 2108 corpuscula
734 2009 826 2082 fabae
856 2013 1138 2110 magnitudine,

131 2130 282 2217 colore,
308 2144 344 2200 et
363 2128 567 2212 substantia
588 2153 668 2198 non
686 2129 849 2209 multum
873 2128 1054 2214 absimilia
1081 2148 1139 2203 tu·

128 2248 228 2329 mori
256 2248 386 2344 quiin
409 2245 621 2331 ventriculo
650 2245 859 2345 descriptus
886 2264 951 2320 est.
985 2253 1068 2337 Haec
1096 2251 1135 2320 in

124 2379 276 2443 ventre.
293 2368 339 2435 In
355 2363 508 2441 thorace
525 2377 651 2439 autem
668 2363 799 2461 pulmo
815 2363 945 2447 dexter
961 2365 1138 2449 nonnihil

122 2504 144 2552 a
163 2497 278 2578 tergo
295 2480 549 2569 inflammatus
570 2507 577 2550 :
603 2507 648 2552 ex
668 2482 773 2551 omni
794 2495 920 2553 autem
941 2485 1137 2580 utriusque

121 2600 240 2684 incisi
257 2599 451 2696 pulmonis
468 2612 573 2697 parte
596 2621 720 2681 serum
743 2598 929 2696 prodibat.
957 2605 989 2671 Α
1013 2601 1136 2674 cordis

119 2715 343 2790 ventriculo
355 2704 508 2786 dextero
522 2714 713 2812 polyposae
726 2719 987 2793 concretiones
1001 2718 1039 2797 in
1052 2718 1136 2818 pul·

119 2858 326 2908 monerem
337 2834 510 2918 arteriam
522 2831 781 2930 pertinebant,
793 2833 917 2916 rninor
926 2832 974 2914 ab
986 2835 1135 2909 sinistro

119 2953 161 3026 in
179 2976 321 3033 venam
342 2950 509 3048 ejusdem
520 2932 702 3036 nominis.

174 3071 209 3144 3.
225 3071 264 3141 Si
277 3094 472 3167 compares
481 3070 582 3150 inter
592 3090 631 3141 se
638 3080 808 3151 tumores
818 3069 1017 3140 ventriculi
1029 3068 1136 3159 duos,

119 3185 230 3260 hunc
257 3201 294 3258 et
314 3211 427 3282 quem
450 3185 590 3285 pariter
611 3209 658 3273 cr
679 3183 849 3267 Valsalva
871 3183 1136 3283 descripsimus

119 3305 286 3403 epistola
302 3304 496 3400 superiore
516 3303 764 3400 (1),quorum
780 3317 984 3399 utrumque
999 3306 1038 3387 in
1051 3304 1137 3375 brc-

120 3422 237 3503 vibus
267 3447 421 3495 suarum
440 3421 747 3506 observationum
768 3419 980 3510 indicibus,
1011 3424 1137 3505 cancri

124 3542 283 3611 nomine
299 3539 528 3637 designavit,
549 3554 585 3613 et
606 3539 852 3633 conjunctum
869 3539 1053 3623 vomitum
1071 3539 1136 3621 ,ha-
