2580 4514
136 380 206 426 ma.
234 379 290 425 111.
319 379 367 429 na
387 378 534 427 -uonrus
560 379 728 445 vaurms,
754 381 865 429 nr1sr.
892 385 991 430 xxix.
1023 362 1065 432 61

62 517 187 589 usque
223 507 372 590 tempus
404 492 609 590 respondit.
644 500 727 564 Haec
763 495 863 568 lente
891 497 1069 572 adhunc

64 608 225 680 modum
240 609 402 680 advenit.
416 612 501 679 Non
511 600 566 679 'ita
579 610 725 708 pridem
744 636 857 710 supra
872 613 1070 686 claviculas

62 726 1070 822 quaexternajugularisvenadeeurrit,tum0rutrin-
1124 782 1126 786 »
1215 781 1216 784 ¹

63 867 138 937 que
175 857 403 940 apparuerat
432 841 581 931 durus,
612 843 783 915 dolorem
814 870 968 935 creans,
999 872 1069 922 nec

62 959 242 1031 remediis
259 959 414 1047 cedenS,
434 960 484 1030 ita
494 976 535 1030 ut
550 961 588 1031 in
601 960 681 1033 dies
694 979 928 1060 augesceret,
941 979 977 1036 et
994 990 1070 1037 res-

62 1077 290 1174 pirationem
308 1078 385 1172 jam
403 1074 596 1147 difficilem
611 1077 796 1149 redderet.
820 1085 899 1149 Huc
917 1083 1070 1154 accessit
1147 1069 1148 1075 ἵ

63 1191 178 1265 febris
197 1192 370 1282 assidua,
395 1217 549 1290 vespere
570 1194 803 1284 increscens,
823 1220 985 1293 quacum
1003 1199 1069 1269 ali-

64 1312 221 1410 quando
230 1314 335 1410 rigor
347 1313 481 1409 aliquis
497 1312 704 1389 ,adnotatus
713 1330 779 1393 eat.
797 1319 918 1415 Caput
940 1315 1068 1388 dolere

63 1429 314 1527 querebatur,
341 1445 475 1533 praeter
502 1429 757 1520 stomachum,
789 1434 856 1528 qui
878 1448 1064 1531 perpetuo

65 1546 239 1623 dolorem
256 1544 436 1618 faciebat:
454 1571 622 1645 quocum
639 1563 765 1619 tamen
779 1574 976 1646 nunquam
990 1549 1065 1622 hoe

67 1677 238 1761 tempore
277 1664 470 1761 sanguinis
503 1667 667 1736 vomitus
701 1663 780 1737 fuit.
810 1665 966 1738 Assidue
993 1668 1070 1765 sitis

67 1780 222 1852 molesta
235 1795 331 1868 erat,
352 1794 389 1850 et
405 1804 536 1852 sensus
552 1783 712 1852 maxime
737 1785 777 1852 in
804 1808 870 1854 ore
894 1785 1070 1855 amaritu-

66 1896 181 1985 dinis,
199 1922 246 1967 ex
263 1921 341 1993 quo
360 1898 572 1968 novissimis
592 1897 725 1970 diebus
746 1901 867 1997 gravis
890 1900 1070 1973 existebat

67 2014 199 2102 nidor;
219 2037 291 2111 pus
316 2029 462 2102 autem,
489 2014 593 2112 quod
619 2014 918 2100 animadversum
935 2015 1070 2106 fuerit,

68 2154 266 2228 uunquam
294 2132 397 2202 exiit
426 2135 496 2202 Per
521 2118 599 2205 haec
624 2132 763 2204 diutius
791 2135 905 2204 vitam
933 2135 1070 2222 traxit,

66 2272 180 2345 quam
192 2247 395 2345 pulsus,ex
407 2249 531 2345 parvis
542 2264 578 2320 et
590 2248 965 2332 imbecillisminores
976 2275 1071 2348 saepe

68 2380 102 2436 et
118 2363 348 2437 infirmiores
361 2362 446 2436 facti
456 2421 466 2454 ‚
477 2367 700 2463 promittere
715 2366 960 2453 videbantur,
977 2392 1071 2464 prae-

68 2484 194 2555 sertim
209 2508 295 2555 cum
313 2483 454 2555 ultimis
465 2483 600 2574 diebus
615 2483 831 2580 quindecim
848 2486 902 2555 nil
917 2486 988 2556 nisi
1012 2486 1073 2580 jus

71 2616 103 2672 et
136 2601 219 2672 vini
250 2601 456 2698 pauxillum
488 2615 682 2690 sumeret,
714 2601 861 2672 nullum
895 2616 1074 2698 praeterea

71 2719 237 2790 alimenti
258 2743 398 2816 genus,
414 2717 556 2789 nedum
573 2717 749 2806 remedii,
767 2719 843 2814 jam
862 2717 995 2790 ferens.

117 2834 289 2907 Cadaver
320 2834 561 2908 macilentum
592 2837 631 2905 in
662 2836 894 2933 gymnasium
926 2836 1071 2906 illatum

72 2969 123 3026 est
131 2944 147 3042 ,‘
155 2952 225 3024 uhi
237 2977 322 3025 cum
333 2970 535 3026 anatomen
547 2953 734 3041 docerem,
744 2951 933 3024 februario
943 2978 1071 3028 mense

70 3095 169 3141 ³⁰⁰⁰
182 3076 296 3167 ¹744,
313 3087 349 3143 et
364 3073 441 3168 jam
456 3072 576 3142 virilia
594 3070 923 3158 demonstrassem,
940 3072 1073 3142 mulie.

72 3187 150 3259 bria
164 3213 211 3260 ex
226 3187 360 3261 ordine
368 3188 669 3286 requirebantur.
688 3191 829 3260 Ventre
838 3189 953 3285 igitur
963 3212 1071 3285 aper-

70 3319 107 3375 to
129 3360 139 3394 ,
162 3293 360 3376 omentum
377 3303 454 3375 vidi
475 3329 623 3377 sursum
649 3305 864 3375 revolutum
893 3320 929 3375 et
944 3318 1073 3376 exten·

68 3446 176 3512 sum,
198 3423 383 3494 utstatim
403 3423 441 3491 in
458 3422 591 3493 oculos
610 3423 822 3492 incurreret
842 3436 1075 3493 transversus

73 3541 142 3611 coli
170 3540 341 3611 intestini
365 3554 505 3612 tractus
521 3541 587 3637 qui
602 3537 698 3610 infra
722 3539 971 3610 ventriculum
995 3563 1074 3612 esse

72 3659 183 3747 solet,
216 3655 280 3728 hic
308 3671 434 3728 autem
458 3671 537 3728 erat
567 3653 665 3727 infra
690 3654 924 3727 umbilicum.
956 3657 1078 3745 Quam

15 3836 18 3843 .
72 3775 108 3846 in
130 3775 263 3849 sedem
283 3776 355 3846 etsi
373 3798 451 3844 non
475 3764 632 3846 omnino
652 3773 824 3860 detrudi,
846 3788 970 3844 tamen
986 3797 1078 3869 qua·
1126 3844 1129 3848 .

70 3893 263 3992 dantenus
283 3893 413 3990 urgeri
431 3893 596 3991 potuisse
616 3917 636 3962 a
653 3889 863 3964 ventriculo
881 3889 1079 3977 videbatur

1195 3910 1217 3941 fl
