2580 4514
154 350 223 421 108
311 373 357 418 nr
384 373 529 420 sumnus
555 375 599 418 ur
625 372 749 419 causis
775 374 986 421 uonnoaura

148 501 235 583 post
259 486 400 574 studia,
428 487 581 574 itinera,
599 485 748 557 labores
772 487 864 558 alios
887 504 1053 587 coeperat
1075 511 1131 561 1101

146 606 196 673 ita
215 605 447 675 multisante
462 603 656 675 mensibus
675 606 797 676 tensio
817 606 990 703 quaedam
1008 611 1131 709 percif

147 721 195 791 ad
226 721 420 794 dexterum
448 722 792 827 hypochoudrium.
824 726 988 796 Accessit
1016 724 1131 799 deind

145 838 642 937 frequensuomitusqnarta
656 865 676 910 a
692 856 843 938 sumpto
859 841 944 912 cibo
954 842 1063 914 hora.
1075 844 1131 917 Ali

147 956 325 1056 deinceps
341 958 467 1029 addita
487 973 584 1035 suut.
607 960 825 1047 Novissfinis
844 958 1010 1057 denique
1028 960 1131 1033 mork

146 1074 396 1150 hebdomadis
412 1078 463 1147 ita
480 1102 541 1148 res
558 1102 595 1148 se
616 1075 824 1157 habebant:
840 1077 878 1145 iu
899 1093 1030 1149 ventre
1049 1105 1131 1178 mag

145 1219 194 1264 na
209 1174 388 1293 dudtie.
403 1197 443 1264 in
457 1194 617 1267 deutero¹
626 1210 749 1264 autem
768 1194 1066 1291 hypochoudrio
1079 1220 1131 1269 ma

143 1315 262 1401 xima3
276 1313 341 1384 sed
356 1313 503 1401 nullus,
521 1314 552 1382 si
571 1334 781 1410 premere5‚
799 1312 921 1399 dolor,
934 1316 1002 1410 qui
1019 1331 1131 1387 contr

144 1457 212 1529 per
239 1456 276 1502 se
299 1430 512 1518 oriebatur,
540 1445 576 1501 et
597 1429 756 1502 acerbus
775 1429 947 1527 quidem,
966 1432 1006 1501 in
1032 1432 1131 1541 alter«

144 1548 438 1646 hypochondrio
458 1547 553 1618 hora
580 1545 828 1619 confectionis
847 1547 1030 1619 ciborum.
1050 1552 1131 1649 Reji

144 1665 313 1737 ciebatur
333 1665 474 1737 humor
491 1666 696 1764 aliquando
718 1667 846 1765 dolore
862 1665 1025 1740 infectus
1042 1692 1131 1765 quas

142 1784 311 1872 tabaeci,
329 1785 417 1857 alias
432 1785 552 1856 multo
568 1787 686 1882 magis
696 1782 801 1856 fusco
815 1799 928 1880 atque
941 1801 1045 1875 atro,
1061 1786 1129 1858 alia

142 1903 248 1972 vario⁸
272 1918 308 1973 et
335 1903 494 1972 maxima
522 1928 567 1972 ex
594 1917 699 2000 parte
725 1901 772 1972 ab
794 1901 853 1973 his
871 1901 1020 1974 diverso
1045 1931 1052 1973 :
1079 1928 1131 1977 ne«

143 2019 297 2091 deerant
311 2022 378 2118 qui
395 2021 566 2092 dicerent
584 2044 621 2091 se
644 2045 724 2090 non
744 2044 898 2091 mucosa
917 2035 1088 2111 tantum,
1103 2048 1130 2103 u

141 2136 222 2222 alii,
240 2138 305 2209 sed
324 2155 360 2209 et
385 2138 554 2235 quaedam
575 2139 682 2235 quasi
709 2121 878 2209 ramenta
904 2138 1131 2212 membranu

140 2255 259 2326 larum
277 2258 316 2325 iu
336 2281 381 2327 eo
397 2256 558 2327 humore
574 2255 889 2328 animadvertisse.
908 2259 954 2327 Hi
971 2257 1022 2328 ob
1048 2258 1131 2331 hant

139 2374 250 2445 etiam
267 2398 416 2445 causam
432 2373 479 2445 ab
491 2375 616 2446 resina
635 2373 891 2445 terebinthina
905 2399 984 2445 nou
1003 2401 1084 2448 esse
1099 2393 1131 2449 te

139 2517 241 2562 mere
263 2491 535 2564 discedendum
555 2491 726 2579 aiebant,
749 2517 832 2588 quae
853 2517 929 2562 una
950 2491 997 2563 ab
1013 2509 1131 2566 stoma

138 2609 211 2681 cho
230 2610 483 2699 retinebatur,
503 2637 589 2683 cum
603 2610 769 2681 remedia
789 2626 919 2682 caetera
939 2613 1131 2707 rejiceren·

136 2744 207 2799 tur.
227 2727 364 2801 Pilulas
384 2745 509 2800 autem
534 2726 823 2826 improbabant,
838 2729 983 2819 aloem,
999 2756 1129 2827 gumm

138 2848 416 2918 ammoniacum
441 2863 477 2919 et
502 2863 704 2934 tartarum,
730 2862 773 2917 ut
794 2863 948 2935 vocant,
978 2849 1131 2921 vitriola

138 2981 216 3035 tum
240 2965 444 3052 habentes,
469 2990 561 3063 quas
585 2965 679 3035 alter
697 2965 866 3066 medicus
883 2967 1122 3063 proponebat

136 3109 233 3181 aeger
248 3100 372 3157 autem
389 3085 427 3153 in
440 3083 739 3180 dejectionibus,
758 3099 800 3154 ut
817 3084 989 3182 plerique
1007 3087 1131 3159 solent

100 3212 104 3227 ’
137 3227 312 3299 magnam
334 3227 438 3300 spem
466 3226 634 3300 ponem,
668 3201 910 3298 praeoptabat.
940 3202 1004 3274 His
1031 3204 1131 3302 igitur

112 3321 115 3325 ’
137 3321 318 3418 sumptis,
336 3321 519 3391 immanes
532 3334 665 3392 secutae
680 3334 765 3390 sunt
780 3320 1018 3408 vomitiones,
1029 3338 1131 3421 atque

135 3437 224 3507 inde
250 3463 294 3508 ex
315 3437 422 3508 malis
444 3462 504 3509 res
522 3436 604 3508 fieri
633 3437 753 3508 multo
780 3437 987 3527 deteriores
1016 3464 1131 3539 coepe·

136 3571 235 3625 runt.
263 3558 357 3628 Nam
380 3554 511 3652 pulsus
544 3553 730 3625 obscurus
762 3569 892 3645 antea,
919 3542 1131 3629 obscurissi-

135 3696 220 3743 mus
250 3670 385 3760 factus,
413 3671 527 3744 febris
555 3671 695 3770 lipyriae
716 3672 871 3761 similis,
899 3674 1016 3744 urinae
1041 3673 1131 3745 velut

136 3791 386 3862 ictericorum.
410 3794 541 3887 ltaque
564 3791 662 3861 intra
687 3813 829 3888 paucos
856 3789 954 3879 dies,
980 3789 1131 3888 pedibus

135 3908 318 3980 oedemate
336 3907 512 3978 nonnihil
529 3908 782 3999 tumentibus,
799 3907 911 4006 pulsu
928 3909 1006 4005 jam
1020 3908 1131 3997 uu110,

996 4112 1025 4185 {t
