2580 4514
150 382 222 478 374
255 394 258 399 “
313 404 359 450 nu
386 402 529 449 sumnus
553 404 597 448 ur
621 401 744 448 clusis
769 401 980 451 nonnosum

148 542 234 589 cum
249 540 339 586 cura
360 516 485 586 omnia
511 515 650 587 ventris
667 516 830 600 viscera,
853 539 924 587 nec
943 515 1061 600 ullum
1078 545 1130 592 ras

148 651 325 733 ruptum,
344 658 413 703 nec
431 632 543 703 ullam
561 633 744 730 insignem
759 631 882 705 labem
901 658 1060 732 usquam
1077 661 1131 734 pu

149 755 220 824 tuit
247 748 541 847 deprehendere.
565 755 609 823 Et
635 774 721 823 sane
746 751 869 846 praecl.
897 776 1054 849 quoque
1077 758 1133 826 Bu·

149 869 217 941 daei
234 867 287 964 (1)
308 882 405 939 extat
425 867 635 939 observatio
650 921 660 955 ‚
678 892 698 937 a
715 893 775 939 me
795 867 884 939 alias
904 869 1133 960 indicata‚in

148 986 304 1072 femina3
321 1010 402 1082 quae
419 987 610 1058 materiam
627 985 827 1082 plurimam
841 1009 928 1057 cum
943 989 1134 1061 vomuisset

147 1106 265 1177 instar
283 1102 473 1200 sanguinis
491 1102 727 1199 congrumati
748 1115 784 1172 et
807 1104 998 1200 corrupti,
1013 1129 1134 1201 quam-

146 1222 201 1292 vis
216 1217 490 1315 ejusdemmodi
507 1220 659 1289 materia
686 1243 748 1290 vas
773 1217 886 1291 breve
907 1220 1084 1316 plenum,
1106 1236 1134 1295 et

148 1338 391 1411 crussitudine
408 1336 566 1433 digitum
583 1321 829 1433 lere'aequans
851 1336 1033 1428 haberet,
1057 1364 1135 1410 ven·

146 1456 272 1528 triculi
287 1471 412 1527 tamen
429 1453 673 1525 substantiam
700 1455 780 1525 sine
802 1453 887 1527 ullis
905 1457 1015 1535 venis
1037 1481 1135 1531 cons·

147 1574 265 1670 picuis
284 1569 477 1658 exhibuit,
495 1572 694 1643 vesiculam
713 1586 835 1643 autem
852 1569 947 1645 fellis
959 1599 1136 1671 magnam,

145 1690 351 1785 eademque
371 1690 523 1758 materia
539 1689 747 1785 turgidam;
773 1704 815 1759 ut
833 1690 1004 1787 proclive
1023 1691 1069 1762 sit
1088 1693 1136 1761 iu·

144 1804 332 1903 telligere,
349 1803 450 1874 unde
466 1803 543 1874 haec
557 1807 595 1874 in
613 1805 884 1892 ventriculum,
906 1807 973 1903 qui
991 1808 1135 1881 multam

145 1922 253 1992 etiam
273 1937 352 1994 tum
367 1921 604 2008 continebat,
622 1924 792 1995 venisset.
809 1925 900 2013 Quae
913 1924 1036 1996 nolim
1052 1947 1136 1996 ame

144 2039 243 2110 dicta
257 2039 405 2124 credas,
429 2041 534 2136 quasi
552 2064 747 2136 nunquam
767 2066 787 2113 e
806 2064 891 2113 vase
917 2039 1043 2130 brevi,
1067 2065 1136 2113 mu·

143 2172 218 2231 tata
238 2156 285 2226 ad
303 2171 468 2254 tempus,
488 2173 622 2254 praeter
644 2173 840 2246 naturam,
867 2159 1065 2259 sanguinis
1087 2157 1135 2231 di·

142 2275 328 2361 rectione,
357 2288 483 2371 posset
504 2273 566 2343 hic
589 2273 628 2342 in
647 2275 897 2346 ventriculum
920 2276 1133 2374 irrumpere.

140 2393 271 2487 Neque
298 2393 397 2460 enim
416 2415 476 2460 me
495 2387 606 2487 fugit,
631 2405 715 2486 post
741 2393 932 2488 sauguinis
959 2395 1135 2465 vomitum

142 2507 234 2604 quid
246 2510 285 2577 in
305 2523 475 2579 matrona
494 2511 627 2604 Georg.
650 2505 797 2605 wolffg.
819 2508 1012 2583 Wedelius
1024 2510 1089 2608 (α),
1101 2511 1137 2581 in

140 2626 266 2722 puella
285 2631 338 2696 Jo.
362 2630 454 2699 Dan.
477 2624 624 2696 Dolaeus
643 2623 714 2717 (3l‚
743 2620 915 2723 Strangin
939 2641 977 2699 et
1002 2629 1133 2701 Hillero

141 2745 268 2830 sociis,
291 2744 330 2815 iu
351 2743 489 2838 juvene
520 2757 642 2813 autem
665 2740 915 2816 Hoffmannus
935 2744 992 2842 (4)
1014 2771 1132 2844 reper-

139 2875 219 2931 tum
231 2860 448 2957 scripserint
462 2884 470 2928 :
488 2883 646 2954 quarum
659 2884 728 2958 ego
740 2859 1131 2935 observationumulti·

137 3003 236 3049 mam
251 2977 340 3049 alias
361 2975 430 3048 tibi
451 2979 764 3064 commemoravi,
791 2977 885 3050 duas
907 2994 1036 3052 autem
1063 2981 1129 3078 pri·

137 3119 215 3166 mas
237 3119 315 3168 esse
340 3094 488 3165 easdem
504 3118 638 3165 censeo
656 3119 750 3191 quas
763 3096 863 3193 apud
883 3096 1069 3171 Stahlium
1081 3095 1127 3194 (5)

136 3210 291 3283 memini
316 3209 457 3306 legisse.
487 3215 530 3282 In
554 3210 706 3307 singulis
729 3213 773 3284 iis
796 3211 1044 3289 cadaveribus
1061 3216 1124 3287 lien

203 3538 215 3616 )
234 3535 309 3615 Eph.
327 3540 365 3595 N.
383 3541 416 3595 C.
430 3551 506 3595 cent.
526 3550 580 3596 1et
593 3559 627 3596 α.
641 3543 705 3598 obs.
725 3540 790 3598 105.

202 3643 213 3714 )
232 3637 371 3695 Earumd.
385 3638 447 3694 dec.
467 3658 498 3704 1,
512 3642 549 3695 A.
562 3659 600 3713 9,
612 3640 675 3696 obs.
691 3659 737 3697 20.

170 3539 198 3618 (1

168 3637 199 3716 (n

166 3737 211 3815 (3)
231 3738 371 3794 Earumd.
384 3737 445 3793 dec.
465 3739 482 3794 3
490 3779 499 3808 ,
509 3741 546 3794 A.
560 3738 577 3795 5
590 3751 618 3795 et
630 3739 663 3810 6,
677 3741 740 3796 obs.
760 3738 827 3811 257.

165 3837 209 3914 (l)
231 3836 339 3893 Medic.
352 3848 407 3892 rat.
422 3856 492 3895 rom.
509 3845 541 3909 4,
555 3858 586 3914 p.
603 3857 637 3909 α,
650 3859 674 3896 s.
690 3859 723 3910 1,
736 3859 761 3897 c.
776 3840 810 3909 3,
823 3840 888 3896 obs.
906 3859 932 3899 2.

166 3936 210 4013 (5)
230 3937 353 3993 Dissert.
365 3937 401 3992 de
416 3956 489 3994 vena
501 3949 580 4013 port.
595 3951 684 4014 porta
695 3942 800 4013 malor,
816 3958 838 3995 s.
857 3940 884 3996 3.
