2580 4514
185 375 256 421 cra.
284 371 339 418 111.
367 369 414 417 na
440 336 1044 433 nonarsvanrn1s‚erisnxxxvii
1070 351 1141 426 365

136 504 252 575 rent,
290 509 455 583 aegram,
485 483 640 578 ejusque
672 484 901 555 necessarios
934 484 1140 578 docerem,
1192 528 1196 532 ·

137 620 282 704 quanta
305 617 341 673 et
367 625 480 699 quam
511 601 612 669 varia
637 599 802 696 pericula
831 600 1090 694 imminerent,
1113 609 1144 679 si

135 725 224 822 puri
235 723 357 793 exitus
367 732 601 817 quantocyus
610 741 688 786 non
699 716 865 788 daretur:
883 716 1003 818 eoque
1016 739 1142 796 tamen

136 856 247 915 caute
258 832 325 927 fut
340 861 407 934 par
424 850 496 923 est,
514 833 622 922 date,
641 835 796 906 salutem
813 860 891 906 non
901 862 1059 938 semper,
1074 843 1140 914 sed

134 956 332 1030 interdum
351 953 491 1052 sperari
507 976 634 1049 posse,
653 950 767 1049 idque
779 955 1014 1051 Hippocratis
1024 959 1141 1056 apho-

136 1077 263 1149 rismis
281 1072 336 1172 (1)
355 1067 555 1169 significari
573 1097 580 1138 :
599 1062 695 1158 ime,
712 1095 781 1140 nec
808 1071 944 1161 semel,
961 1099 1025 1146 eos
1047 1103 1142 1172 quo·

138 1220 214 1295 que
225 1191 375 1290 hepatis
386 1187 579 1259 abscessus
594 1184 705 1257 fuisse
720 1204 955 1283 persanatos,
973 1193 1144 1290 equibus

137 1311 280 1411 apertis
302 1308 413 1404 longe
431 1305 501 1375 alia
519 1302 696 1374 fluxerint
721 1329 762 1375 ac
782 1329 863 1401 quae
885 1307 1038 1405 optabat
1058 1312 1144 1409 Hip-

135 1441 334 1529 pocrates,
352 1421 563 1520 cujusmodi
580 1421 766 1518 exemplis·
776 1424 886 1493 etiam
900 1424 994 1495 illud
1009 1425 1144 1518 addes,

134 1544 382 1647 quantumvis
411 1540 525 1636 longa
555 1550 594 1610 et'
624 1535 786 1610 difficilis
817 1542 961 1611 curatio
996 1540 1143 1634 fuerit,

137 1662 247 1763 quod
261 1687 282 1732 a
296 1660 339 1732 cl.
356 1664 410 1729 Jo.
428 1660 538 1728 Petro
553 1654 757 1729 Albrechto
769 1656 823 1755 (a)
833 1664 1142 1757 propositumest.

137 1781 213 1853 Sed
227 1780 306 1876 jam
322 1777 411 1848 illuc
427 1772 529 1844 unde
548 1772 785 1860 divertimus,
801 1776 1019 1867 redeunteS‚
1036 1780 1084 1852 ab
1100 1782 1146 1854 iis

139 1924 226 1997 quae
236 1900 275 1967 in
288 1892 532 1991 sexagenariae
547 1890 714 1962 mulieris
723 1890 878 1964 historia
888 1896 1056 1968 Valsalva
1067 1924 1147 1970 non

139 2016 285 2115 attigit,
302 2011 350 2083 ad
365 2035 406 2082 ea
422 2033 504 2107 quae
522 2005 732 2095 adnotavit,
748 2010 950 2083 veniamus.

192 2159 226 2231 7.
251 2129 474 2229 Congerieni
485 2126 612 2223 hepati
628 2125 873 2198 inhaerentem
885 2131 1146 2241 vesicularum,

139 2274 239 2351 quas
253 2274 339 2320 cum
357 2247 557 2332 laceraret,
575 2266 699 2315 serum
720 2241 911 2335 effluebat,
927 2248 1005 2317 noli
1023 2251 1148 2322 crede·

140 2394 183 2443 re
202 2366 307 2443 aliud
323 2363 458 2450 fuisse,
479 2386 593 2460 quam
609 2360 823 2458 hydatides,
842 2379 884 2435 ut
907 2367 986 2463 ip'se
1010 2366 1147 2442 diserte

140 2484 343 2582 adscripsit
360 2504 547 2567 seorsum,
565 2503 648 2575 quae
664 2479 844 2552 morboso
862 2480 989 2580 hepati
1006 2488 1149 2560 nonita

141 2628 231 2677 raro
249 2602 371 2674 solent
390 2599 553 2672 exterius
567 2595 761 2669 inhaerere.
778 2599 967 2687 Plurium,
986 2617 1022 2672 et
1043 2601 1149 2677 facile

141 2723 350 2818 majorum,
368 2743 389 2788 a
404 2717 476 2789 seri
504 2715 611 2812 copia
626 2713 888 2787 dissilientium
906 2714 1080 2789 effectum
1105 2746 1150 2791 ex

143 2838 273 2936 aliqua
309 2834 438 2908 saltem
470 2847 576 2929 parte
607 2829 719 2904 fuisse
756 2847 845 2930 puta
874 2857 955 2903 eam
988 2834 1149 2932 limpidae

144 2980 253 3054 aquae
270 2952 417 3050 copiam
436 2975 518 3047 quae
546 2951 586 3018 in
607 2964 739 3021 ventre
764 2947 880 3020 effusa
905 2951 1057 3022 inventa
1082 2969 1147 3026 est.

142 3073 235 3148 Noli
255 3072 368 3170 igitur
382 3069 494 3140 hasce
515 3067 683 3163 ejusdem
699 3083 839 3138 naturae
857 3092 1026 3157 censere,
1045 3072 1152 3167 cnjus

145 3205 257 3265 erant
274 3188 480 3286 pecudiares
499 3185 570 3255 illae
590 3187 784 3273 vesiculae,
805 3183 978 3284 flavoque
993 3187 1152 3261 humore

146 3310 269 3410 plenae
282 3329 375 3404 quas
392 3329 437 3374 ex
453 3301 629 3375 Valsalvae
647 3303 908 3375 observatione
926 3304 965 3374 id
985 3309 1039 3375 ΙΙΙ
1059 3309 1154 3405 epis·

146 3428 227 3500 tola
246 3422 457 3497 anatomica
473 3421 530 3518 (3)
548 3422 753 3521 descriptas
773 3423 917 3520 legeris.
938 3426 1006 3494 Eas
1027 3441 1153 3496 autem

189 3725 236 3804 (ι)
259 3731 296 3792 44
315 3735 343 3780 et
359 3722 412 3793 45,
427 3743 449 3779 a.
467 3743 496 3793 7.

188 3826 234 3903 (ἢ)
256 3825 332 3903 Eph.
342 3824 423 3881 N.C.
437 3823 500 3879 dec.
514 3823 547 3892 3,
560 3823 597 3878 A.
610 3819 644 3890 5,
658 3820 721 3877 obs.
737 3839 783 3877 aa.

190 3926 236 4002 (3)
257 3927 295 3981 N.
311 3924 346 3994 8,
363 3943 382 4005 9
397 3934 425 3978 et
441 3941 486 3978 ιο.
