2580 4514
255 354 326 453 672
420 375 466 421 nn
494 373 640 420 sumnus
665 374 709 419 nr
734 373 861 422 causrs
888 374 1120 425 monnoaurr

246 495 323 562 imo
345 489 450 586 (quae
467 496 527 559 res
543 487 621 585 ipsa
640 474 749 557 faciet
765 502 809 558 ut
827 501 928 559 tunc
945 489 1089 562 saltem
1106 490 1152 564 ab
1164 492 1250 564 ascite

247 605 501 700 internoscas)
521 606 617 688 iru0‚
636 605 793 700 inquaru
804 658 814 691 ‚
835 629 920 675 non
937 607 1083 703 ‚solum
1096 609 1143 680 ad
1155 633 1250 680 annos

248 739 433 823 quatuor,
451 738 492 794 ut
505 722 659 793 Littrius
671 719 706 820 (ι
719 720 753 814 ),
769 720 937 818 aliique,
959 724 1013 795 ad
1035 748 1106 798 sex
1119 742 1252 825 septen·

245 868 309 931 ve,
330 857 371 913 ut
388 840 553 912 Laubius
565 837 640 934 (2),
662 836 709 907 ad
729 853 837 924 octo,
855 853 899 910 ut
912 842 1133 939 Bogdanus
1151 844 1209 938 (3)
1222 857 1250 916 et

220 972 225 985 “
246 944 434 1034 Kaiselirrs
445 957 528 1055 (4),
546 955 592 1026 ad
607 979 764 1042 novem,
778 971 820 1026 ut
833 950 1040 1032 Scultetus
1051 962 1066 1036 (
1071 960 1129 1057 5),
1147 961 1249 1033 adde

248 1102 351 1165 cem,
370 1091 409 1146 ut
425 1073 594 1147 Nuclrius
611 1070 685 1169 (6)
713 1088 750 1144 et
768 1074 830 1142 alii
847 1073 1066 1167 viderunt,
1091 1075 1248 1176 atquead

246 1194 306 1267 his
321 1193 469 1292 plures,
493 1208 667 1289 utsupra
686 1191 744 1287 (7)
761 1189 979 1263 indicatum
1000 1211 1091 1285 est,
1117 1195 1248 1295 perferri

246 1337 356 1411 posse
374 1324 541 1397 constat;
558 1306 705 1380 'diutius
735 1308 850 1405 igitur
868 1334 1091 1409 progresso
1117 1315 1245 1401 morbo,

246 1414 373 1501 rarum
387 1444 442 1500 est
456 1427 635 1526 pleraque
654 1425 888 1510 dejudicatis
911 1426 1038 1502 bonis
1056 1431 1244 1505 subsistere

246 1551 293 1619 At
309 1549 467 1619 satisest
485 1546 532 1617 ad
549 1542 884 1617 internoscendum
913 1546 1113 1648 pleraque
1135 1550 1246 1622 diutius

247 1663 379 1737 luisse:
394 1664 497 1762 quod
511 1683 547 1735 et
566 1661 612 1734 de
625 1662 725 1749 aliis,
742 1686 825 1757 quae
839 1661 1031 1737 addenda
1045 1684 1137 1741 sunt
1154 1667 1244 1766 proti·

247 1807 338 1867 uus,
360 1806 491 1851 verum
515 1795 579 1852 est.
611 1780 704 1850 Nam
726 1793 882 1876 quartu,
916 1782 1062 1856 nullus
1081 1787 1200 1872 initio,
1224 1783 1263 1854 si‘

247 1896 518 1997 Gahrliepii(8)
537 1921 663 1968 casum
684 1896 845 1993 excipias
855 1946 870 1984 ‚-
885 1899 1027 1972 nullus
1055 1903 1131 1975 nisi
1152 1923 1243 2000 prope

247 2032 457 2088 extremum
475 2030 642 2112 tempus,
671 2037 741 2113 nec
756 2029 884 2084 tamen
905 2015 950 2086 in
970 2019 1180 2107 omnibus,
1196 2042 1243 2117 pe

246 2133 337 2205 dum
359 2149 503 2204 tumor:
519 2132 622 2203 nulla
641 2146 857 2203 caeterarum
878 2136 1061 2230 partium
1080 2154 1118 2210 et
1137 2159 1242 2234 corpe

246 2253 296 2325 ris
313 2253 466 2339 macies,
480 2249 581 2320 nulla
595 2248 762 2347 spirandi
776 2244 1141 2342 difficultas‚-nutta
1157 2253 1242 2327 febri·

245 2354 349 2459 cula,
368 2367 496 2440 nullus
515 2367 635 2439 dolor.
655 2366 728 2437 Sed
746 2365 882 2438 morbo
902 2372 1185 2468 progrediente
1200 2395 1241 2442 ac·

245 2487 378 2559 cedere
398 2485 622 2585 plerumque
643 2485 766 2556 solent
782 2483 860 2556 haec
880 2489 1043 2579 omnia,
1063 2492 1241 2589 praesertin

245 2607 375 2677 sicum
392 2629 489 2701 aqua
509 2620 678 2675 tumores
703 2604 818 2674 insint
842 2606 910 2699 qui
940 2605 993 2677 ad
1020 2611 1241 2710 suppuratio·

244 2749 331 2794 nem
351 2725 524 2810 veniant,
545 2724 731 2793 et‘saccus
755 2719 1031 2796 exulceretur:
1050 2749 1241 2828 quanquam

245 2865 397 2913 summae
411 2895 419 2927 ‚
435 2839 494 2911 vel
514 2841 593 2911 sine
607 2838 667 2910 his
685 2837 856 2933 adjectae,
883 2844 1031 2915 maciei
1046 2846 1241 2946 descriptio-

117 3028 119 3039 ,
243 2984 330 3030 nem
358 2984 402 3029 ex
423 2945 678 3029 Drclincurtio
703 2955 776 3052 (9),
808 2955 956 3029 assidui
989 2979 1126 3038 autem
1155 2981 1187 3038 et
1206 2965 1240 3034 in·

242 3074 468 3162 tolerabilis,
501 3088 615 3145 noctu
643 3072 850 3171 praecipue,
881 3073 1041 3154 doloris
1068 3108 1117 3155 ex
1136 3079 1240 3158 Achol-
