2580 4514
140 361 210 433 508
305 385 348 433 m
376 384 521 432 simius
548 387 590 431 m
616 384 739 433 musis
765 384 981 432 uouuomuu

138 501 315 586 tinxerit,
335 526 411 570 non
433 499 548 570 modo
570 525 647 570 non
677 501 864 588 icterum,
890 525 1006 598 quem
1029 525 1120 571 unum

138 632 230 687 tunc
249 613 431 698 abfuisse,
450 616 578 688 videre
594 617 717 714 potuit
734 616 922 688 Bezoldus
938 619 1014 713 (ι),
1034 643 1124 690 exem·

136 733 286 830 piisque
314 734 476 805 evicerat
500 733 697 805 Pechlinus
724 733 801 829 (2);
827 733 896 805 sed
923 734 1021 805 nihil
1046 732 1125 832 quod

137 847 305 921 affectam
320 852 451 947 cystim
471 850 705 940 ostenderet,
727 875 806 922 esse
822 868 1074 924 consecutum
1084 851 1129 923 ad·

137 970 302 1057 notavit,
333 983 375 1038 ut
408 968 521 1066 paulo
546 982 632 1039 ante
663 968 808 1039 dictum
833 985 913 1057 est,
938 969 1125 1042 Galeatius:

136 1111 260 1184 neque
280 1085 387 1158 aliter
404 1084 481 1158 fere
509 1086 720 1157 observavit
747 1087 1045 1162 Reverhorstius
1069 1085 1126 1187 (3):

75 1287 80 1293 ‚
137 1230 208 1276 nec
227 1205 265 1274 in
283 1204 433 1275 duobus
450 1202 543 1273 Phil.
564 1209 637 1274 Jac.
655 1209 916 1277 Hartmannus
930 1204 1011 1304 (4)ε
1032 1206 1128 1278 necin

136 1321 259 1393 tribus
276 1320 484 1418 quidquam
507 1336 638 1392 contra
656 1346 698 1391 ac
717 1321 902 1410 diximus,
927 1321 1048 1396 habet
1068 1321 1130 1393 Hal·

136 1438 236 1511 lerus
262 1437 338 1535 (ῆι
361 1464 432 1510 nec
452 1438 616 1536 denique
645 1440 676 1510 is
702 1439 768 1537 qui
789 1455 970 1513 accurate
989 1454 1130 1540 sympto-

137 1573 234 1628 mata
255 1552 343 1655 aegri
367 1558 493 1628 omnia
511 1580 707 1628 recensere
723 1557 872 1653 potuit,
893 1559 1065 1632 Trewius
1082 1555 1129 1655 (6).

138 1679 183 1744 Et
201 1700 418 1772 quanquam
437 1679 630 1746 Tacconus
656 1672 709 1770 (7)
734 1673 942 1770 adjunctos
963 1691 1130 1772 quartam

137 1790 233 1864 febri
257 1793 546 1864 immanissimos
567 1792 717 1864 dolores
736 1793 775 1861 in
800 1791 1072 1890 hypogastrica
1090 1816 1130 1863 re

139 1908 250 2006 gione
265 1906 377 1980 fuisse
394 1909 540 1998 scribit3
558 1925 685 1980 tamen
705 1933 784 1980 non
800 1909 923 1980 modo
940 1936 1023 1982 non
1045 1907 1131 1984 simul

137 2026 283 2122 regium
317 2026 520 2115 morbum,
551 2026 615 2099 sed
641 2053 689 2098 ne
718 2025 870 2098 dolores
892 2029 1054 2125 quidem
1071 2026 1131 2097 illos

140 2140 251 2215 fuisse
269 2145 338 2232 ait,
354 2144 401 2215 ad
421 2141 663 2216 ensi'formem
682 2144 945 2242 cartilaginem
967 2147 1134 2245 pertinen·

137 2274 264 2347 tes,ut
276 2285 321 2358 pa
327 2262 390 2332 ulo
400 2277 486 2332 ante
501 2263 539 2330 in
550 2262 618 2331 alia
628 2261 784 2331 muliere
796 2315 805 2348 ,
818 2260 979 2335 calculis
999 2265 1039 2334 in
1051 2283 1132 2334 com·

136 2382 244 2449 muni
264 2379 382 2450 ductu
404 2380 558 2477 positis,
578 2379 715 2450 diserte
731 2376 1027 2478 significaverat.
1045 2379 1135 2453 vides

137 2496 273 2594 igitur,
292 2523 341 2566 ne
360 2513 440 2568 tum
458 2496 611 2595 quidem
632 2521 717 2568 cum
731 2510 877 2568 meatus
899 2502 1086 2596 misticus,
1106 2509 1136 2568 ut

11 2698 16 2712 „
138 2627 216 2685 emt
237 2615 276 2684 in
306 2616 452 2685 cunctis
477 2613 721 2685 cadaveribus
749 2613 949 2704 indicatis,
968 2641 990 2686 a
1011 2615 1134 2692 calculo

139 2728 355 2803 obstructus
381 2745 456 2816 est,
478 2746 653 2802 constans
671 2738 707 2801 et
725 2746 960 2828 perpetuum
988 2736 1069 2833 ejus
1083 2734 1136 2830 sig·

137 2875 231 2919 num
248 2873 326 2921 esse
345 2849 450 2919 illum
468 2848 650 2938 dolorem,
663 2849 729 2946 qui
746 2874 768 2918 a
786 2847 972 2948 Wepfero
988 2852 1136 2948 descrip-

138 2981 198 3037 tus
215 2962 294 3036 fuit.

930 3128 1127 3144 m

177 3224 218 3305 (1)
240 3228 316 3295 Diss.
332 3229 368 3283 de
380 3224 557 3300 cholelith0‚
572 3247 630 3284 cas.
647 3249 671 3298 1,
688 3249 718 3283 n.
734 3229 763 3284 6.

177 3325 220 3404 (2)
240 3327 309 3383 Vid.
321 3339 377 3383 act.
393 3329 477 3384 erud.
486 3328 568 3403 Lips.
578 3347 627 3384 an.
646 3328 729 3403 1691,
742 3331 785 3384 M.
795 3329 869 3403 maj.
883 3331 917 3388 in
927 3353 1042 3392 recens.
1053 3331 1134 3406 heiu·

140 3448 165 3498 1,
184 3427 248 3482 obs.
265 3426 311 3483 58.

177 3524 219 3606 (3)
240 3528 317 3583 Diss.
332 3527 369 3582 de
381 3536 456 3581 mot.
473 3527 526 3582 bil.
542 3532 557 3597 §
574 3526 621 3598 57.

176 3627 206 3702 (4
241 3627 317 3700 Eph.
334 3628 371 3682 N.
386 3628 419 3683 C.
433 3627 496 3687 dec.
513 3646 547 3697 2,
561 3630 596 3684 A.
611 3626 642 3698 5,
659 3630 722 3684 obs.
740 3646 776 3698 72
790 3640 820 3683 et
835 3648 887 3701 77.
