2580 4514
190 393 257 439 ua.
279 392 333 438 111.
355 385 1041 450 na·n0aa1svrnrn1s‚zr1sr.xxxrin.
1069 361 1141 434 683

136 511 226 606 quis
258 522 365 579 antea
384 505 516 594 fuerit,
541 531 655 604 quem
676 530 780 576 nunc
808 530 942 602 magna
963 504 1141 576 distentio

139 626 353 699 abdominis
372 625 556 714 occultet3
578 638 757 723 praeterea
780 649 872 694 num
891 624 1032 710 dolor,
1061 648 1141 694 non

106 765 115 780 ⁸
137 769 229 818 eum
247 743 333 814 dieo
354 741 548 840 quentilla
566 744 647 840 ipsa
664 743 843 816 distentio
863 744 982 840 parit,
1005 742 1070 814 sed
1083 741 1143 812 ul*

137 886 317 950 cerneus,
346 863 449 933 testis
476 861 683 949 tunsionis,
702 885 836 959 aegram
867 875 1063 957 torqueat,
1081 874 1145 931 aut

138 996 243 1054 certe
258 980 386 1077 aliqua
405 980 444 1048 in
465 994 570 1076 parte
587 981 727 1052 arctius
749 994 823 1051 ate
836 979 1061 1050 contrectati
1079 977 1145 1049 ab·

136 1099 307 1170 dominis
320 1098 513 1169 excitetur.
527 1101 614 1168 Non
631 1123 692 1170 me
710 1096 825 1195 fugit,
850 1122 966 1194 quam
989 1094 1146 1167 feliciter

136 1219 181 1288 in
199 1200 335 1312 niagna
354 1215 464 1285 etiam
485 1217 758 1313 suppuratione
778 1229 815 1286 et
828 1226 931 1285 certa
949 1215 1147 1298 erosione‚

137 1350 302 1431 utraque
316 1349 441 1404 tamen
456 1334 619 1420 recenti,
638 1333 836 1404 Chom-elio
855 1332 911 1429 (ι)
925 1356 985 1402 res
1002 1353 1147 1401 succes·

137 1453 251 1540 serit,
274 1475 345 1522 nec
365 1450 456 1547 quid
473 1451 625 1522 Littrius
645 1451 703 1547 (a)
731 1449 908 1521 adversus
925 1447 1004 1520 hnc
1021 1448 1149 1519 ulcera

136 1572 307 1670 primum
329 1549 553 1665 injiciend03
579 1568 717 1643 deinde
743 1570 816 1640 cite
834 1564 1149 1665 comprimendo,
1206 1659 1209 1666 ἱ

138 1689 438 1785 timendoque,
459 1688 537 1759 imo
555 1690 668 1758 etiam
687 1687 866 1759 adv-ersus
885 1703 1070 1771 tumores,
1088 1683 1150 1756 de·

139 1831 256 1904 snper
272 1804 478 1877 incidendo
497 1822 535 1878 et
552 1807 722 1878 curando
740 1820 939 1906 proponat.
952 1805 1036 1876 Scio
1051 1828 1149 1902 quo-

139 1950 217 2022 que
240 1923 406 2010 levandi,
422 1949 502 1996 non
518 1926 676 1997 sanandi
691 1948 819 2013 causa,
836 1925 902 1996 uti
929 1940 1097 1996 tumores
1111 1934 1151 1994 et

138 2069 214 2142 pus
234 2060 374 2127 essent,
393 2068 414 2114 a
433 2043 576 2115 Lanbio
591 2042 649 2139 (3)
675 2069 811 2140 aquam
830 2040 942 2113 fuisse
959 2042 1148 2112 eductam.

140 2165 284 2232 Verum
301 2160 364 2230 hic
381 2160 475 2229 mihi
490 2175 618 2231 tecum
636 2156 760 2230 sermo
773 2175 830 2230 est
845 2183 924 2229 non
938 2158 984 2228 de
996 2157 1152 2265 inchoa-

138 2281 191 2349 tis
203 2276 250 2347 ab
268 2291 418 2363 natura,
428 2290 496 2346 »ant
505 2276 554 2346 ab
567 2291 645 2347 arte
654 2275 915 2348 curationibus
927 2298 1152 2372 persequen-

99 2404 101 2409 ’
140 2398 219 2480 dis,
240 2393 305 2467 sed
323 2394 370 2465 de
389 2393 525 2482 libere,
541 2418 613 2465 nec
631 2395 709 2466 sine
724 2396 824 2491 justa
840 2390 1067 2491 persanandi
1087 2416 1152 2491 spe

141 2511 402 2612 suscipiendis.
427 2491 547 2609 I'gitur
566 2510 634 2584 has
658 2513 774 2584 etiam
794 2536 887 2608 quas
905 2509 1022 2582 modo
1039 2509 1154 2581 adde·
1249 2580 1254 2585 .

141 2634 244 2720 bam,
261 2656 387 2730 agras,
402 2654 487 2704 curn
497 2632 652 2730 poteris,
666 2629 811 2702 vitabis.
823 2634 869 2702 tt
877 2643 965 2702 sunt
976 2643 1154 2727 praeterea

141 2749 350 2847 inquibus
378 2764 547 2823 tumores
576 2775 597 2820 a
629 2749 794 2820 distento
823 2747 1026 2819 abdomine
1052 2745 1154 2816 haud

141 2890 303 2967 prorsus
320 2868 562 2952 occulantur,
575 2868 650 2938 sive
662 2865 765 2962 quod
775 2867 902 2936 minor
911 2863 1034 2936 adhuc
1049 2888 1154 2960 aquae

143 2987 254 3082 copia
265 2987 333 3074 sit,
350 3001 393 3056 ut
408 2986 450 3055 in
466 2985 581 3056 altera
595 3008 639 3056 ex
649 2985 694 3055 iis
707 3007 801 3080 quas
814 2983 893 3080 ipse
907 2981 1069 3080 produxi
1083 2979 1155 3078 (4),

144 3103 491 3190 observationibus,
515 3103 594 3176 sive
625 3103 737 3174 etiam
765 3100 869 3199 quod
901 3100 1063 3187 humor,
1089 3116 1153 3172 aut

144 3222 298 3292 materia
317 3222 455 3318 quaevis
469 3219 560 3305 elia,
580 3220 740 3291 crassior
758 3243 837 3289 non
855 3230 1039 3316 perpetuo
1055 3241 1153 3314 quo·
1231 3206 1233 3211 ’

144 3339 231 3410 dam
251 3363 380 3424 sacco‚·
400 3337 466 3410 sed
482 3339 520 3408 in
540 3335 668 3435 piures
686 3360 815 3407 caveas
830 3335 1047 3434 dispertito,
1067 3359 1155 3406 con·

143 3458 308 3527 tineatur
324 3457 375 3526 sic
396 3471 438 3526 ut
458 3456 535 3526 aliae
548 3455 615 3525 illa
631 3437 749 3552 tnagis
768 3469 963 3551 turgeant,
982 3453 1060 3524 aliae
1083 3455 1154 3522 mi-

144 3599 238 3663 nus,
255 3574 386 3670 quales
401 3576 440 3644 in
461 3588 618 3644 mortuae
630 3571 846 3644 obstetricis
862 3571 1090 3644 dissectione
1106 3568 1155 3641 of-

138 3760 222 3773 ..υ-,ιι

187 3859 232 3935 (1)
255 3858 298 3934 (α)
320 3853 363 3934 (3)
385 3858 433 3914 Ad
449 3879 478 3915 1¹·
501 3858 547 3916 ⁵0·

185 3959 231 4038 (t)
250 3962 288 4015 Ν.
304 3957 352 4016 5η.
