2580 4514
1028 292 1034 331 l

138 360 186 458 96
299 384 346 429 nr
373 382 519 429 sumnus
544 383 589 428 ur
615 382 739 429 CAUsls
767 383 981 430 uonnonurr

140 511 238 583 erat,
252 510 293 565 ut
311 519 507 590 nunquam
520 495 571 565 sic
588 493 724 565 vidisse
744 497 1003 567 meminerim:
1018 496 1144 592 itaque

142 614 210 684 etsi
235 611 310 682 bile
331 627 408 682 erat
434 611 561 708 plena,
587 613 728 707 quippe
753 612 793 681 in
816 636 858 682 ea
885 637 968 708 quae
990 626 1047 683 tot
1067 610 1142 683 dies
1172 670 1175 674 .

142 744 216 801 tam
232 753 351 826 pauca
365 729 593 825 sumpsisset,
607 752 725 823 eaque
738 726 824 798 bilis
837 729 943 825 nigra
954 743 1034 799 erat
1041 727 1142 808 adeo,

141 863 183 917 ut
201 847 416 917 interiorem
445 844 616 916 vesiculae
640 842 769 915 faciem
795 860 874 915 atro
897 844 1024 916 colore
1051 841 1140 915 infe·

143 964 270 1050 cisset;
288 959 398 1033 facies
425 975 551 1030 tamen
577 959 743 1053 ejusdem
765 961 926 1032 exterior
949 959 1136 1032 albicabat.

143 1078 201 1149 Ob
222 1080 321 1149 illam
340 1103 452 1174 quarn
473 1075 588 1146 modo
602 1076 727 1174 attigi,
747 1100 915 1163 causam,
939 1092 982 1150 ut
1005 1077 1137 1151 ventri-

142 1197 247 1269 culus
261 1195 401 1282 luerat‚
421 1195 472 1266 sic
486 1194 662 1265 intestina
685 1196 831 1282 omnia,
852 1210 888 1266 et
908 1196 1037 1291 tenuia
1053 1219 1137 1293 prae·

141 1316 284 1401 sertim,
300 1312 406 1382 valde
429 1327 535 1383 erant
556 1325 767 1399 contracta,
794 1327 835 1384 ut
859 1337 902 1383 ea
925 1313 1038 1392 etiam
1062 1335 1136 1408 quae

141 1431 359 1530 nuperrime
380 1444 638 1526 precesserat,
658 1429 775 1499 nimia
791 1429 864 1499 alvi
881 1429 1072 1500 evacuatio
1086 1452 1139 1498 re·

142 1547 323 1646 quirebat.
342 1550 425 1615 Una
444 1572 488 1615 ex
508 1544 685 1617 omnibus
698 1546 884 1617 intestinis
894 1544 1139 1644 appendicula

140 1662 512 1760 vermiformispaulo
532 1678 611 1734 erat
628 1663 833 1760 turgidior:
854 1662 1138 1760 eademqueea-

141 1783 256 1853 terius
275 1779 444 1850 rubebat.
464 1784 509 1848 In
527 1782 753 1852 mesenterio
774 1795 810 1850 et
828 1780 982 1876 reliquis
1001 1779 1139 1863 ventris

141 1895 424 1996 partibusnihil
449 1921 528 1966 non
554 1887 758 1968 secundam
784 1912 954 1968 naturam
974 1893 1138 1979 animad-

140 2028 329 2085 vertimus.

193 2135 236 2200 In
265 2129 418 2221 thorace
447 2148 571 2203 autem
600 2135 780 2228 utrinque
811 2147 889 2204 erat
922 2157 1045 2229 aqua,
1073 2156 1139 2203 nec

141 2271 278 2345 pauca,
299 2272 369 2318 nec
396 2274 529 2345 parum
556 2250 849 2347 sanguinolenta.
870 2252 1059 2346 Utrinque
1077 2272 1139 2346 pa-

139 2367 231 2436 riter
240 2364 458 2462 pulmoneS‚
469 2364 635 2460 alioquin
651 2369 747 2452 sani,
761 2393 829 2464 per
842 2365 994 2453 crebra,
1009 2389 1139 2452 crassa,

141 2481 375 2578 longiuscula
398 2481 844 2566 membraneafilamenta
863 2483 910 2556 ad
930 2481 1140 2572 lateravalli·

141 2600 335 2698 gabantur.
352 2598 604 2670 Pericardium
621 2602 824 2672 arctissime
837 2600 1050 2674 adhaerebat
1065 2624 1140 2683 om·

137 2719 178 2786 'ni
195 2716 319 2787 cordis
337 2715 546 2814 superficiei
562 2732 597 2787 et
617 2720 791 2788 auriculae
804 2719 961 2791 dexterae
973 2773 983 2803 ‚
997 2734 1034 2790 et
1044 2743 1142 2816 mag·

139 2861 276 2905 norum
291 2859 466 2922 vasorum
483 2835 528 2905 ad
547 2861 613 2905 cor
626 2837 906 2933 pertinentium.
927 2841 1001 2907 Cor
1014 2852 1140 2921 tamen

135 2954 234 3048 justa
251 2949 320 3021 luit
338 2967 414 3021 tuni
432 2953 617 3049 parietum
640 2953 905 3040 crassitudine,
927 2970 1009 3024 tum
1030 2977 1139 3051 capa-

140 3071 248 3139 citate
276 3069 582 3138 ventriculornm.
613 3071 783 3157 Quorum
818 3087 976 3167 uterque
1004 3072 1140 3169 plenus

140 3201 217 3257 erat
234 3186 372 3281 pariter
394 3187 605 3282 sanguiniS‚
633 3189 753 3284 qualis
772 3214 816 3259 ex
846 3191 962 3272 incisa
983 3215 1139 3288 quoque

136 3327 231 3374 vena
246 3326 332 3371 cava
352 3300 491 3372 multus
505 3306 637 3388 extitit,
653 3306 743 3392 atri,
761 3321 797 3378 et
809 3332 942 3404 magua
964 3332 1009 3377 ex
1033 3323 1148 3405 parte.

137 3422 177 3490 in
200 3443 353 3516 grumos
374 3421 511 3508 coacti,
532 3423 610 3525 sine
624 3422 700 3493 ulla
717 3423 775 3493 vel
790 3425 942 3494 minima
957 3427 1140 3526 polyposa

137 3538 389 3608 concretione.
408 3537 571 3608 Valvulae
588 3565 669 3636 quae
687 3539 811 3625 cordis
825 3541 978 3613 orificiis
991 3549 1139 3617 venosis

135 3653 412 3752 praeficiuntur,
428 3656 496 3726 etsi
511 3655 672 3728 albicare
684 3659 768 3729 visae
786 3674 893 3729 sunt.
917 3686 995 3730 non
1008 3660 1138 3748 durio-

136 3797 196 3844 res
209 3788 336 3844 tamen
352 3770 514 3845 fuerunt.
532 3779 585 3844 Ex
603 3774 757 3871 reliquis
777 3791 900 3847 autem
921 3772 972 3849 eae
992 3804 1075 3876 quae
1089 3780 1137 3861 ad

134 3890 284 3960 initium
315 3891 493 3990 appositae
523 3907 611 3962 sunt
639 3894 782 3965 arteriae
813 3909 1139 3984 aortae‚sum1nos
