<?xml version="1.0" encoding="UTF-8"?>
<!DOCTYPE html PUBLIC "-//W3C//DTD XHTML 1.0 Transitional//EN"
    "http://www.w3.org/TR/xhtml1/DTD/xhtml1-transitional.dtd">
<html xmlns="http://www.w3.org/1999/xhtml" xml:lang="en" lang="en">
 <head>
  <title>
</title>
<meta http-equiv="Content-Type" content="text/html;charset=utf-8" />
  <meta name='ocr-system' content='tesseract 3.04.00' />
  <meta name='ocr-capabilities' content='ocr_page ocr_carea ocr_par ocr_line ocrx_word'/>
</head>
<body>
  <div class='ocr_page' id='page_1' title='image "./desedibusetcaus00adelgoog_0329.png"; bbox 0 0 2580 4514; ppageno 0'>
   <div class='ocr_carea' id='block_1_1' title="bbox 140 342 978 420">
    <p class='ocr_par' dir='ltr' id='par_1_1' title="bbox 140 342 978 420">
     <span class='ocr_line' id='line_1_1' title="bbox 140 342 978 420; baseline -0.001 -1"><span class='ocrx_word' id='word_1_1' title='bbox 140 347 209 420; x_wconf 76' lang='lat'>332</span> <span class='ocrx_word' id='word_1_2' title='bbox 306 373 352 418; x_wconf 76' lang='lat' dir='ltr'>nn</span> <span class='ocrx_word' id='word_1_3' title='bbox 378 342 522 419; x_wconf 76' lang='lat' dir='ltr'>scurrus</span> <span class='ocrx_word' id='word_1_4' title='bbox 547 371 591 417; x_wconf 76' lang='lat' dir='ltr'>ur</span> <span class='ocrx_word' id='word_1_5' title='bbox 616 370 738 417; x_wconf 72' lang='lat' dir='ltr'>causis</span> <span class='ocrx_word' id='word_1_6' title='bbox 764 370 978 419; x_wconf 79' lang='grc' dir='ltr'>ιιοιιιιοιιυιι</span> 
     </span>
    </p>
   </div>
   <div class='ocr_carea' id='block_1_2' title="bbox 142 464 1187 3997">
    <p class='ocr_par' dir='ltr' id='par_1_2' title="bbox 142 464 1187 1053">
     <span class='ocr_line' id='line_1_2' title="bbox 142 464 1168 582; baseline -0.001 -28"><span class='ocrx_word' id='word_1_7' title='bbox 142 484 339 572; x_wconf 85' lang='lat' dir='ltr'>deorsum,</span> <span class='ocrx_word' id='word_1_8' title='bbox 359 509 581 555; x_wconf 86' lang='lat' dir='ltr'>conversum</span> <span class='ocrx_word' id='word_1_9' title='bbox 594 485 772 555; x_wconf 79' lang='lat' dir='ltr'>liaberet:</span> <span class='ocrx_word' id='word_1_10' title='bbox 792 487 921 582; x_wconf 85' lang='lat' dir='ltr'>itaque</span> <span class='ocrx_word' id='word_1_11' title='bbox 933 485 1108 582; x_wconf 85' lang='lat' dir='ltr'>suspicatus</span> <span class='ocrx_word' id='word_1_12' title='bbox 1155 464 1168 493; x_wconf 27' lang='lat'>&#39;-</span> 
     </span>
     <span class='ocr_line' id='line_1_3' title="bbox 145 596 1187 699; baseline -0.005 -27"><span class='ocrx_word' id='word_1_13' title='bbox 145 626 246 689; x_wconf 90' lang='lat' dir='ltr'>sum,</span> <span class='ocrx_word' id='word_1_14' title='bbox 264 627 342 673; x_wconf 93' lang='lat' dir='ltr'>non</span> <span class='ocrx_word' id='word_1_15' title='bbox 363 626 442 673; x_wconf 90' lang='lat' dir='ltr'>eam</span> <span class='ocrx_word' id='word_1_16' title='bbox 463 627 483 672; x_wconf 91' lang='lat' dir='ltr'>a</span> <span class='ocrx_word' id='word_1_17' title='bbox 503 600 825 699; x_wconf 88' lang='lat' dir='ltr'>primordiis,·sed</span> <span class='ocrx_word' id='word_1_18' title='bbox 848 600 1010 673; x_wconf 78' lang='lat' dir='ltr'>fortasse</span> <span class='ocrx_word' id='word_1_19' title='bbox 1028 625 1048 670; x_wconf 91' lang='lat' dir='ltr'>a</span> <span class='ocrx_word' id='word_1_20' title='bbox 1064 596 1113 669; x_wconf 87' lang='lat' dir='ltr'>dil·</span> <span class='ocrx_word' id='word_1_21' title='bbox 1185 596 1187 601; x_wconf 76' lang='grc'>’</span> 
     </span>
     <span class='ocr_line' id='line_1_4' title="bbox 143 714 1187 817; baseline -0.002 -31"><span class='ocrx_word' id='word_1_22' title='bbox 143 715 231 789; x_wconf 90' lang='lat' dir='ltr'>ficili</span> <span class='ocrx_word' id='word_1_23' title='bbox 259 735 368 816; x_wconf 90' lang='lat' dir='ltr'>partu</span> <span class='ocrx_word' id='word_1_24' title='bbox 397 720 524 816; x_wconf 88' lang='lat' dir='ltr'>aliquo</span> <span class='ocrx_word' id='word_1_25' title='bbox 553 720 775 817; x_wconf 82' lang='lat' dir='ltr'>(peperisse</span> <span class='ocrx_word' id='word_1_26' title='bbox 806 720 911 790; x_wconf 91' lang='lat' dir='ltr'>enim</span> <span class='ocrx_word' id='word_1_27' title='bbox 944 718 1118 789; x_wconf 84' lang='lat' dir='ltr'>mulierem</span> <span class='ocrx_word' id='word_1_28' title='bbox 1181 714 1187 739; x_wconf 81' lang='lat'>¹</span> 
     </span>
     <span class='ocr_line' id='line_1_5' title="bbox 147 832 1187 925; baseline 0 -20"><span class='ocrx_word' id='word_1_29' title='bbox 147 836 358 912; x_wconf 81' lang='lat' dir='ltr'>constabat.</span> <span class='ocrx_word' id='word_1_30' title='bbox 383 853 530 909; x_wconf 88' lang='lat' dir='ltr'>uterum</span> <span class='ocrx_word' id='word_1_31' title='bbox 562 853 684 908; x_wconf 90' lang='lat' dir='ltr'>autem</span> <span class='ocrx_word' id='word_1_32' title='bbox 708 836 948 925; x_wconf 74' lang='lat' dir='ltr'>dextrorsum</span> <span class='ocrx_word' id='word_1_33' title='bbox 978 832 1122 906; x_wconf 82' lang='lat' dir='ltr'>videram</span> <span class='ocrx_word' id='word_1_34' title='bbox 1183 836 1187 849; x_wconf 89' lang='lat'>&#39;</span> 
     </span>
     <span class='ocr_line' id='line_1_6' title="bbox 150 950 1126 1053; baseline 0.001 -31"><span class='ocrx_word' id='word_1_35' title='bbox 150 953 400 1049; x_wconf 82' lang='lat' dir='ltr'>inclinatum)</span> <span class='ocrx_word' id='word_1_36' title='bbox 419 956 600 1053; x_wconf 82' lang='lat' dir='ltr'>originem</span> <span class='ocrx_word' id='word_1_37' title='bbox 616 953 801 1026; x_wconf 89' lang='lat' dir='ltr'>habuisse.</span> <span class='ocrx_word' id='word_1_38' title='bbox 819 959 862 1025; x_wconf 91' lang='lat' dir='ltr'>ln</span> <span class='ocrx_word' id='word_1_39' title='bbox 887 950 1126 1025; x_wconf 82' lang='lat' dir='ltr'>thoracesanl</span> 
     </span>
    </p>

    <p class='ocr_par' dir='ltr' id='par_1_3' title="bbox 149 1070 1185 3019">
     <span class='ocr_line' id='line_1_7' title="bbox 149 1070 1129 1170; baseline -0.002 -28"><span class='ocrx_word' id='word_1_40' title='bbox 149 1086 186 1142; x_wconf 86' lang='lat' dir='ltr'>et</span> <span class='ocrx_word' id='word_1_41' title='bbox 202 1096 356 1169; x_wconf 87' lang='lat' dir='ltr'>prorsus</span> <span class='ocrx_word' id='word_1_42' title='bbox 374 1072 476 1144; x_wconf 84' lang='lat' dir='ltr'>illaesi</span> <span class='ocrx_word' id='word_1_43' title='bbox 491 1072 699 1170; x_wconf 89' lang='lat' dir='ltr'>pulmones.</span> <span class='ocrx_word' id='word_1_44' title='bbox 716 1071 786 1143; x_wconf 89' lang='lat' dir='ltr'>Sed</span> <span class='ocrx_word' id='word_1_45' title='bbox 805 1070 1064 1170; x_wconf 81' lang='lat' dir='ltr'>pericardium</span> <span class='ocrx_word' id='word_1_46' title='bbox 1074 1092 1129 1140; x_wconf 89' lang='lat' dir='ltr'>uu·</span> 
     </span>
     <span class='ocr_line' id='line_1_8' title="bbox 149 1186 1131 1288; baseline -0.004 -29"><span class='ocrx_word' id='word_1_47' title='bbox 149 1186 264 1285; x_wconf 87' lang='lat' dir='ltr'>dique</span> <span class='ocrx_word' id='word_1_48' title='bbox 279 1214 464 1260; x_wconf 86' lang='lat' dir='ltr'>annexum</span> <span class='ocrx_word' id='word_1_49' title='bbox 484 1190 588 1261; x_wconf 87' lang='lat' dir='ltr'>cordi</span> <span class='ocrx_word' id='word_1_50' title='bbox 606 1204 787 1288; x_wconf 87' lang='lat' dir='ltr'>perpetua</span> <span class='ocrx_word' id='word_1_51' title='bbox 804 1186 963 1286; x_wconf 89' lang='lat' dir='ltr'>quidem</span> <span class='ocrx_word' id='word_1_52' title='bbox 991 1187 1057 1261; x_wconf 85' lang='lat' dir='ltr'>sed</span> <span class='ocrx_word' id='word_1_53' title='bbox 1070 1210 1131 1257; x_wconf 89' lang='lat' dir='ltr'>uon</span> 
     </span>
     <span class='ocr_line' id='line_1_9' title="bbox 149 1301 1132 1404; baseline 0.003 -31"><span class='ocrx_word' id='word_1_54' title='bbox 149 1301 360 1376; x_wconf 90' lang='lat' dir='ltr'>firmissima</span> <span class='ocrx_word' id='word_1_55' title='bbox 377 1306 604 1392; x_wconf 84' lang='lat' dir='ltr'>cohaesione,</span> <span class='ocrx_word' id='word_1_56' title='bbox 627 1307 678 1377; x_wconf 91' lang='lat' dir='ltr'>sic</span> <span class='ocrx_word' id='word_1_57' title='bbox 702 1321 744 1377; x_wconf 92' lang='lat' dir='ltr'>ut</span> <span class='ocrx_word' id='word_1_58' title='bbox 757 1305 862 1376; x_wconf 90' lang='lat' dir='ltr'>nullo</span> <span class='ocrx_word' id='word_1_59' title='bbox 878 1306 1040 1404; x_wconf 83' lang='lat' dir='ltr'>negotio</span> <span class='ocrx_word' id='word_1_60' title='bbox 1056 1303 1132 1402; x_wconf 85' lang='grc' dir='ltr'>ὤμ·</span> 
     </span>
     <span class='ocr_line' id='line_1_10' title="bbox 152 1419 1136 1521; baseline 0.001 -29"><span class='ocrx_word' id='word_1_61' title='bbox 152 1435 278 1492; x_wconf 85' lang='lat' dir='ltr'>torum</span> <span class='ocrx_word' id='word_1_62' title='bbox 296 1446 382 1519; x_wconf 90' lang='lat' dir='ltr'>ope,</span> <span class='ocrx_word' id='word_1_63' title='bbox 398 1424 476 1493; x_wconf 90' lang='lat' dir='ltr'>sine</span> <span class='ocrx_word' id='word_1_64' title='bbox 490 1423 566 1494; x_wconf 91' lang='lat' dir='ltr'>ulla</span> <span class='ocrx_word' id='word_1_65' title='bbox 582 1424 698 1521; x_wconf 90' lang='lat' dir='ltr'>ipsius</span> <span class='ocrx_word' id='word_1_66' title='bbox 713 1439 777 1494; x_wconf 90' lang='lat' dir='ltr'>aut</span> <span class='ocrx_word' id='word_1_67' title='bbox 786 1421 1023 1496; x_wconf 78' lang='lat' dir='ltr'>membranae</span> <span class='ocrx_word' id='word_1_68' title='bbox 1032 1419 1136 1494; x_wconf 85' lang='lat' dir='ltr'>cordis</span> 
     </span>
     <span class='ocr_line' id='line_1_11' title="bbox 153 1537 1136 1638; baseline 0.003 -31"><span class='ocrx_word' id='word_1_69' title='bbox 153 1537 408 1626; x_wconf 84' lang='lat' dir='ltr'>laceratione,</span> <span class='ocrx_word' id='word_1_70' title='bbox 436 1540 597 1637; x_wconf 84' lang='lat' dir='ltr'>disjungi</span> <span class='ocrx_word' id='word_1_71' title='bbox 617 1542 792 1638; x_wconf 86' lang='lat' dir='ltr'>potuerit.</span> <span class='ocrx_word' id='word_1_72' title='bbox 817 1539 874 1611; x_wconf 86' lang='lat' dir='ltr'>Ad</span> <span class='ocrx_word' id='word_1_73' title='bbox 899 1562 1043 1638; x_wconf 83' lang='lat' dir='ltr'>magna</span> <span class='ocrx_word' id='word_1_74' title='bbox 1067 1560 1136 1610; x_wconf 75' lang='lat' dir='ltr'>rasa</span> 
     </span>
     <span class='ocr_line' id='line_1_12' title="bbox 155 1654 1137 1754; baseline 0.005 -31"><span class='ocrx_word' id='word_1_75' title='bbox 155 1679 233 1725; x_wconf 88' lang='lat' dir='ltr'>non</span> <span class='ocrx_word' id='word_1_76' title='bbox 253 1654 484 1742; x_wconf 58' lang='lat' dir='ltr'>adhaerebam</span> <span class='ocrx_word' id='word_1_77' title='bbox 503 1655 594 1728; x_wconf 83' lang='lat' dir='ltr'>facie</span> <span class='ocrx_word' id='word_1_78' title='bbox 612 1672 733 1729; x_wconf 85' lang='lat' dir='ltr'>autem</span> <span class='ocrx_word' id='word_1_79' title='bbox 753 1681 827 1754; x_wconf 90' lang='lat' dir='ltr'>qua</span> <span class='ocrx_word' id='word_1_80' title='bbox 850 1656 961 1728; x_wconf 87' lang='lat' dir='ltr'>cordi</span> <span class='ocrx_word' id='word_1_81' title='bbox 990 1657 1137 1728; x_wconf 71' lang='lat' dir='ltr'>adhaese·</span> 
     </span>
     <span class='ocr_line' id='line_1_13' title="bbox 156 1770 1185 1923; baseline 0.002 -82"><span class='ocrx_word' id='word_1_82' title='bbox 156 1786 242 1859; x_wconf 87' lang='lat' dir='ltr'>rat,</span> <span class='ocrx_word' id='word_1_83' title='bbox 273 1770 394 1842; x_wconf 91' lang='lat' dir='ltr'>albam</span> <span class='ocrx_word' id='word_1_84' title='bbox 414 1774 615 1870; x_wconf 90' lang='lat' dir='ltr'>quamdam</span> <span class='ocrx_word' id='word_1_85' title='bbox 635 1774 799 1847; x_wconf 91' lang='lat' dir='ltr'>ostendit</span> <span class='ocrx_word' id='word_1_86' title='bbox 824 1774 1050 1861; x_wconf 84' lang='lat' dir='ltr'>maculam,</span> <span class='ocrx_word' id='word_1_87' title='bbox 1075 1796 1140 1845; x_wconf 88' lang='lat' dir='ltr'>uuo</span> <span class='ocrx_word' id='word_1_88' title='bbox 1179 1824 1185 1923; x_wconf 56' lang='lat' dir='ltr'>p</span> 
     </span>
     <span class='ocr_line' id='line_1_14' title="bbox 157 1889 1184 2023; baseline 0.004 -65"><span class='ocrx_word' id='word_1_89' title='bbox 157 1902 302 1959; x_wconf 87' lang='lat' dir='ltr'>tantum</span> <span class='ocrx_word' id='word_1_90' title='bbox 316 1889 355 1958; x_wconf 93' lang='lat' dir='ltr'>in</span> <span class='ocrx_word' id='word_1_91' title='bbox 373 1889 478 1977; x_wconf 88' lang='lat' dir='ltr'>loco,</span> <span class='ocrx_word' id='word_1_92' title='bbox 499 1916 657 1989; x_wconf 88' lang='lat' dir='ltr'>eamque</span> <span class='ocrx_word' id='word_1_93' title='bbox 669 1892 858 1964; x_wconf 89' lang='lat' dir='ltr'>mediocre</span> <span class='ocrx_word' id='word_1_94' title='bbox 873 1892 923 1963; x_wconf 90' lang='lat' dir='ltr'>ad</span> <span class='ocrx_word' id='word_1_95' title='bbox 941 1892 1184 2023; x_wconf 81' lang='lat' dir='ltr'>spatiumae</span> 
     </span>
     <span class='ocr_line' id='line_1_15' title="bbox 160 1980 1184 2107; baseline 0.002 -30"><span class='ocrx_word' id='word_1_96' title='bbox 160 2006 430 2079; x_wconf 86' lang='lat' dir='ltr'>extendentem.</span> <span class='ocrx_word' id='word_1_97' title='bbox 451 2016 496 2080; x_wconf 90' lang='lat' dir='ltr'>ln</span> <span class='ocrx_word' id='word_1_98' title='bbox 511 2009 635 2081; x_wconf 82' lang='lat' dir='ltr'>cordis</span> <span class='ocrx_word' id='word_1_99' title='bbox 647 2008 916 2081; x_wconf 77' lang='lat' dir='ltr'>ventriculis</span> <span class='ocrx_word' id='word_1_100' title='bbox 877 2033 1012 2107; x_wconf 79' lang='lat' dir='ltr'>niger,</span> <span class='ocrx_word' id='word_1_101' title='bbox 1023 1980 1184 2089; x_wconf 71' lang='lat' dir='ltr'>utul}l</span> 
     </span>
     <span class='ocr_line' id='line_1_16' title="bbox 159 2127 1143 2226; baseline 0.004 -33"><span class='ocrx_word' id='word_1_102' title='bbox 159 2149 254 2220; x_wconf 87' lang='lat' dir='ltr'>qne,</span> <span class='ocrx_word' id='word_1_103' title='bbox 279 2127 449 2221; x_wconf 85' lang='lat' dir='ltr'>sanguis·</span> <span class='ocrx_word' id='word_1_104' title='bbox 462 2127 571 2196; x_wconf 83' lang='lat' dir='ltr'>nullae</span> <span class='ocrx_word' id='word_1_105' title='bbox 588 2142 711 2199; x_wconf 89' lang='lat' dir='ltr'>autem</span> <span class='ocrx_word' id='word_1_106' title='bbox 730 2128 926 2226; x_wconf 81' lang='lat' dir='ltr'>polyposae</span> <span class='ocrx_word' id='word_1_107' title='bbox 946 2128 1143 2200; x_wconf 82' lang='lat' dir='ltr'>concretio·</span> 
     </span>
     <span class='ocr_line' id='line_1_17' title="bbox 159 2243 1142 2343; baseline 0.007 -32"><span class='ocrx_word' id='word_1_108' title='bbox 159 2267 235 2315; x_wconf 88' lang='lat' dir='ltr'>nes.</span> <span class='ocrx_word' id='word_1_109' title='bbox 256 2243 327 2313; x_wconf 88' lang='lat' dir='ltr'>Sed</span> <span class='ocrx_word' id='word_1_110' title='bbox 344 2243 399 2313; x_wconf 87' lang='lat' dir='ltr'>hae</span> <span class='ocrx_word' id='word_1_111' title='bbox 417 2259 551 2316; x_wconf 89' lang='lat' dir='ltr'>teretes</span> <span class='ocrx_word' id='word_1_112' title='bbox 570 2244 756 2343; x_wconf 85' lang='lat' dir='ltr'>albaeque,</span> <span class='ocrx_word' id='word_1_113' title='bbox 776 2246 1142 2318; x_wconf 77' lang='lat' dir='ltr'>etnonnullaecrassae</span> 
     </span>
     <span class='ocr_line' id='line_1_18' title="bbox 161 2346 1144 2460; baseline 0.004 -30"><span class='ocrx_word' id='word_1_114' title='bbox 161 2375 198 2430; x_wconf 91' lang='lat' dir='ltr'>et</span> <span class='ocrx_word' id='word_1_115' title='bbox 207 2357 337 2447; x_wconf 83' lang='lat' dir='ltr'>firmae,</span> <span class='ocrx_word' id='word_1_116' title='bbox 349 2362 469 2459; x_wconf 83' lang='lat' dir='ltr'>longae</span> <span class='ocrx_word' id='word_1_117' title='bbox 482 2368 609 2451; x_wconf 90' lang='lat' dir='ltr'>etiam,</span> <span class='ocrx_word' id='word_1_118' title='bbox 620 2378 662 2434; x_wconf 83' lang='lat' dir='ltr'>ut</span> <span class='ocrx_word' id='word_1_119' title='bbox 677 2389 758 2460; x_wconf 85' lang='lat' dir='ltr'>quae</span> <span class='ocrx_word' id='word_1_120' title='bbox 766 2362 813 2434; x_wconf 90' lang='lat' dir='ltr'>ab</span> <span class='ocrx_word' id='word_1_121' title='bbox 821 2364 996 2435; x_wconf 89' lang='lat' dir='ltr'>auricula</span> <span class='ocrx_word' id='word_1_122' title='bbox 1010 2346 1144 2436; x_wconf 71' lang='lat' dir='ltr'>&lt;lexim</span> 
     </span>
     <span class='ocr_line' id='line_1_19' title="bbox 161 2476 1142 2579; baseline 0.001 -33"><span class='ocrx_word' id='word_1_123' title='bbox 161 2476 232 2547; x_wconf 88' lang='lat' dir='ltr'>ad</span> <span class='ocrx_word' id='word_1_124' title='bbox 223 2492 389 2549; x_wconf 82' lang='lat' dir='ltr'>internas</span> <span class='ocrx_word' id='word_1_125' title='bbox 397 2479 587 2577; x_wconf 81' lang='lat' dir='ltr'>jugulares</span> <span class='ocrx_word' id='word_1_126' title='bbox 599 2505 712 2553; x_wconf 87' lang='lat' dir='ltr'>venas</span> <span class='ocrx_word' id='word_1_127' title='bbox 726 2480 984 2579; x_wconf 86' lang='lat' dir='ltr'>pertinebant,</span> <span class='ocrx_word' id='word_1_128' title='bbox 1004 2504 1027 2551; x_wconf 87' lang='lat' dir='ltr'>a</span> <span class='ocrx_word' id='word_1_129' title='bbox 1037 2476 1142 2552; x_wconf 86' lang='lat' dir='ltr'>cordis</span> 
     </span>
     <span class='ocr_line' id='line_1_20' title="bbox 163 2591 1144 2697; baseline 0.003 -33"><span class='ocrx_word' id='word_1_130' title='bbox 163 2591 332 2667; x_wconf 79' lang='lat' dir='ltr'>orificiis</span> <span class='ocrx_word' id='word_1_131' title='bbox 323 2621 362 2667; x_wconf 81' lang='grc' dir='ltr'>ιιι</span> <span class='ocrx_word' id='word_1_132' title='bbox 375 2618 475 2684; x_wconf 87' lang='lat' dir='ltr'>vasa</span> <span class='ocrx_word' id='word_1_133' title='bbox 494 2613 670 2670; x_wconf 84' lang='lat' dir='ltr'>arteriosa</span> <span class='ocrx_word' id='word_1_134' title='bbox 683 2622 855 2696; x_wconf 89' lang='lat' dir='ltr'>quoque</span> <span class='ocrx_word' id='word_1_135' title='bbox 873 2597 1144 2697; x_wconf 74' lang='lat' dir='ltr'>productaeprs·</span> 
     </span>
     <span class='ocr_line' id='line_1_21' title="bbox 163 2708 1145 2815; baseline 0.003 -34"><span class='ocrx_word' id='word_1_136' title='bbox 163 2711 230 2782; x_wconf 90' lang='lat' dir='ltr'>sim</span> <span class='ocrx_word' id='word_1_137' title='bbox 250 2708 545 2811; x_wconf 88' lang='lat' dir='ltr'>reperiebantur.</span> <span class='ocrx_word' id='word_1_138' title='bbox 559 2722 602 2786; x_wconf 93' lang='lat' dir='ltr'>In</span> <span class='ocrx_word' id='word_1_139' title='bbox 618 2717 736 2788; x_wconf 89' lang='lat' dir='ltr'>oculis</span> <span class='ocrx_word' id='word_1_140' title='bbox 748 2716 910 2814; x_wconf 89' lang='lat' dir='ltr'>denique</span> <span class='ocrx_word' id='word_1_141' title='bbox 924 2716 1024 2815; x_wconf 90' lang='lat' dir='ltr'>quid</span> <span class='ocrx_word' id='word_1_142' title='bbox 1035 2715 1145 2815; x_wconf 71' lang='lat' dir='ltr'>depro</span> 
     </span>
     <span class='ocr_line' id='line_1_22' title="bbox 161 2827 1145 2932; baseline 0.008 -34"><span class='ocrx_word' id='word_1_143' title='bbox 161 2827 319 2902; x_wconf 88' lang='lat' dir='ltr'>hensum</span> <span class='ocrx_word' id='word_1_144' title='bbox 340 2833 406 2919; x_wconf 89' lang='lat' dir='ltr'>sit,</span> <span class='ocrx_word' id='word_1_145' title='bbox 423 2835 463 2902; x_wconf 92' lang='lat' dir='ltr'>in</span> <span class='ocrx_word' id='word_1_146' title='bbox 483 2859 525 2904; x_wconf 85' lang='lat' dir='ltr'>ea</span> <span class='ocrx_word' id='word_1_147' title='bbox 546 2834 701 2931; x_wconf 78' lang='lat' dir='ltr'>epistola</span> <span class='ocrx_word' id='word_1_148' title='bbox 719 2835 897 2932; x_wconf 85' lang='lat' dir='ltr'>scriptum</span> <span class='ocrx_word' id='word_1_149' title='bbox 917 2850 1002 2923; x_wconf 88' lang='lat' dir='ltr'>est,</span> <span class='ocrx_word' id='word_1_150' title='bbox 1025 2833 1073 2906; x_wconf 84' lang='lat' dir='ltr'>de</span> <span class='ocrx_word' id='word_1_151' title='bbox 1086 2852 1145 2930; x_wconf 69' lang='lat' dir='ltr'>qut</span> 
     </span>
     <span class='ocr_line' id='line_1_23' title="bbox 164 2948 978 3019; baseline 0.005 -4"><span class='ocrx_word' id='word_1_152' title='bbox 164 2948 362 3019; x_wconf 90' lang='lat' dir='ltr'>novissime</span> <span class='ocrx_word' id='word_1_153' title='bbox 378 2949 549 3019; x_wconf 84' lang='lat' dir='ltr'>iudicavi.</span> <span class='ocrx_word' id='word_1_154' title='bbox 974 2967 978 2971; x_wconf 80' lang='grc'>’</span> 
     </span>
    </p>

    <p class='ocr_par' dir='ltr' id='par_1_4' title="bbox 165 3064 1153 3997">
     <span class='ocr_line' id='line_1_24' title="bbox 218 3064 1149 3170; baseline 0.002 -35"><span class='ocrx_word' id='word_1_155' title='bbox 218 3064 271 3136; x_wconf 84' lang='lat'>13.</span> <span class='ocrx_word' id='word_1_156' title='bbox 294 3067 370 3137; x_wconf 83' lang='lat' dir='ltr'>Etsi</span> <span class='ocrx_word' id='word_1_157' title='bbox 388 3068 587 3165; x_wconf 82' lang='lat' dir='ltr'>propositae</span> <span class='ocrx_word' id='word_1_158' title='bbox 608 3067 792 3170; x_wconf 77' lang='lat' dir='ltr'>hactenus¹</span> <span class='ocrx_word' id='word_1_159' title='bbox 813 3068 980 3141; x_wconf 89' lang='lat' dir='ltr'>historiae</span> <span class='ocrx_word' id='word_1_160' title='bbox 1006 3069 1149 3150; x_wconf 88' lang='lat' dir='ltr'>docent,</span> 
     </span>
     <span class='ocr_line' id='line_1_25' title="bbox 165 3182 1151 3284; baseline 0.005 -35"><span class='ocrx_word' id='word_1_161' title='bbox 165 3205 278 3277; x_wconf 88' lang='lat' dir='ltr'>quam</span> <span class='ocrx_word' id='word_1_162' title='bbox 299 3184 372 3254; x_wconf 89' lang='lat' dir='ltr'>cito</span> <span class='ocrx_word' id='word_1_163' title='bbox 392 3185 581 3257; x_wconf 90' lang='lat' dir='ltr'>interdum</span> <span class='ocrx_word' id='word_1_164' title='bbox 599 3182 731 3258; x_wconf 81' lang='lat' dir='ltr'>allerre</span> <span class='ocrx_word' id='word_1_165' title='bbox 751 3188 903 3258; x_wconf 84' lang='lat' dir='ltr'>exitium</span> <span class='ocrx_word' id='word_1_166' title='bbox 925 3190 1076 3284; x_wconf 90' lang='lat' dir='ltr'>possint</span> <span class='ocrx_word' id='word_1_167' title='bbox 1098 3184 1151 3257; x_wconf 89' lang='lat' dir='ltr'>do·</span> 
     </span>
     <span class='ocr_line' id='line_1_26' title="bbox 166 3297 1150 3396; baseline 0.005 -28"><span class='ocrx_word' id='word_1_168' title='bbox 166 3297 265 3369; x_wconf 93' lang='lat' dir='ltr'>lores</span> <span class='ocrx_word' id='word_1_169' title='bbox 293 3299 556 3374; x_wconf 89' lang='lat' dir='ltr'>intestinorum</span> <span class='ocrx_word' id='word_1_170' title='bbox 583 3307 659 3376; x_wconf 85' lang='lat' dir='ltr'>sive</span> <span class='ocrx_word' id='word_1_171' title='bbox 684 3303 991 3377; x_wconf 85' lang='lat' dir='ltr'>inflammationis</span> <span class='ocrx_word' id='word_1_172' title='bbox 1006 3308 1067 3396; x_wconf 82' lang='lat' dir='ltr'>vi,</span> <span class='ocrx_word' id='word_1_173' title='bbox 1089 3304 1150 3377; x_wconf 74' lang='lat' dir='ltr'>sive</span> 
     </span>
     <span class='ocr_line' id='line_1_27' title="bbox 167 3415 1151 3520; baseline 0.011 -35"><span class='ocrx_word' id='word_1_174' title='bbox 167 3415 276 3485; x_wconf 87' lang='lat' dir='ltr'>etiam</span> <span class='ocrx_word' id='word_1_175' title='bbox 297 3418 569 3510; x_wconf 88' lang='lat' dir='ltr'>convulsionis,</span> <span class='ocrx_word' id='word_1_176' title='bbox 589 3437 626 3492; x_wconf 91' lang='lat' dir='ltr'>et</span> <span class='ocrx_word' id='word_1_177' title='bbox 645 3422 750 3520; x_wconf 90' lang='lat' dir='ltr'>quod</span> <span class='ocrx_word' id='word_1_178' title='bbox 772 3425 1042 3520; x_wconf 88' lang='lat' dir='ltr'>consequitur,</span> <span class='ocrx_word' id='word_1_179' title='bbox 1055 3442 1151 3520; x_wconf 77' lang='lat' dir='ltr'>quam</span> 
     </span>
     <span class='ocr_line' id='line_1_28' title="bbox 169 3537 1152 3641; baseline 0.007 -40"><span class='ocrx_word' id='word_1_180' title='bbox 169 3548 318 3604; x_wconf 91' lang='lat' dir='ltr'>cautum</span> <span class='ocrx_word' id='word_1_181' title='bbox 352 3537 542 3609; x_wconf 88' lang='lat' dir='ltr'>medicum</span> <span class='ocrx_word' id='word_1_182' title='bbox 574 3565 651 3612; x_wconf 92' lang='lat' dir='ltr'>esse</span> <span class='ocrx_word' id='word_1_183' title='bbox 689 3541 818 3613; x_wconf 86' lang='lat' dir='ltr'>deceat</span> <span class='ocrx_word' id='word_1_184' title='bbox 849 3557 886 3613; x_wconf 88' lang='lat' dir='ltr'>et</span> <span class='ocrx_word' id='word_1_185' title='bbox 916 3543 1152 3641; x_wconf 83' lang='lat' dir='ltr'>suspiciosum</span> 
     </span>
     <span class='ocr_line' id='line_1_29' title="bbox 169 3652 1153 3759; baseline 0.009 -39"><span class='ocrx_word' id='word_1_186' title='bbox 169 3652 338 3725; x_wconf 87' lang='lat' dir='ltr'>saeviente</span> <span class='ocrx_word' id='word_1_187' title='bbox 352 3654 426 3727; x_wconf 91' lang='lat' dir='ltr'>hoc</span> <span class='ocrx_word' id='word_1_188' title='bbox 447 3658 601 3748; x_wconf 78' lang='lat' dir='ltr'>morb03</span> <span class='ocrx_word' id='word_1_189' title='bbox 625 3674 750 3730; x_wconf 90' lang='lat' dir='ltr'>tamen</span> <span class='ocrx_word' id='word_1_190' title='bbox 763 3676 804 3731; x_wconf 92' lang='lat' dir='ltr'>ut</span> <span class='ocrx_word' id='word_1_191' title='bbox 819 3660 943 3730; x_wconf 89' lang='lat' dir='ltr'>multo</span> <span class='ocrx_word' id='word_1_192' title='bbox 957 3662 1077 3759; x_wconf 88' lang='lat' dir='ltr'>magis</span> <span class='ocrx_word' id='word_1_193' title='bbox 1087 3678 1153 3730; x_wconf 87' lang='lat' dir='ltr'>sus·</span> 
     </span>
     <span class='ocr_line' id='line_1_30' title="bbox 170 3769 1152 3867; baseline 0.007 -31"><span class='ocrx_word' id='word_1_194' title='bbox 170 3769 283 3865; x_wconf 85' lang='lat' dir='ltr'>picari</span> <span class='ocrx_word' id='word_1_195' title='bbox 321 3788 356 3844; x_wconf 92' lang='lat' dir='ltr'>et</span> <span class='ocrx_word' id='word_1_196' title='bbox 381 3799 510 3846; x_wconf 87' lang='lat' dir='ltr'>cavere</span> <span class='ocrx_word' id='word_1_197' title='bbox 538 3775 687 3867; x_wconf 90' lang='lat' dir='ltr'>debeat,</span> <span class='ocrx_word' id='word_1_198' title='bbox 723 3803 771 3849; x_wconf 90' lang='lat' dir='ltr'>ne</span> <span class='ocrx_word' id='word_1_199' title='bbox 808 3776 946 3848; x_wconf 91' lang='lat' dir='ltr'>morbo</span> <span class='ocrx_word' id='word_1_200' title='bbox 973 3803 1013 3850; x_wconf 93' lang='lat' dir='ltr'>se</span> <span class='ocrx_word' id='word_1_201' title='bbox 1041 3774 1152 3849; x_wconf 84' lang='lat' dir='ltr'>remit·</span> 
     </span>
     <span class='ocr_line' id='line_1_31' title="bbox 168 3893 1152 3997; baseline 0.012 -41"><span class='ocrx_word' id='word_1_202' title='bbox 168 3899 292 3979; x_wconf 85' lang='lat' dir='ltr'>tente,</span> <span class='ocrx_word' id='word_1_203' title='bbox 309 3906 346 3963; x_wconf 89' lang='lat' dir='ltr'>et</span> <span class='ocrx_word' id='word_1_204' title='bbox 364 3895 469 3989; x_wconf 90' lang='lat' dir='ltr'>quasi</span> <span class='ocrx_word' id='word_1_205' title='bbox 488 3893 670 3987; x_wconf 87' lang='lat' dir='ltr'>abeunte,</span> <span class='ocrx_word' id='word_1_206' title='bbox 690 3899 793 3968; x_wconf 85' lang='lat' dir='ltr'>inani</span> <span class='ocrx_word' id='word_1_207' title='bbox 807 3921 871 3997; x_wconf 92' lang='lat' dir='ltr'>spe</span> <span class='ocrx_word' id='word_1_208' title='bbox 891 3912 1152 3997; x_wconf 79' lang='lat' dir='ltr'>nonnunquam</span> 
     </span>
    </p>
   </div>
   <div class='ocr_carea' id='block_1_3' title="bbox 0 0 1320 4514">
    <p class='ocr_par' dir='ltr' id='par_1_5' title="bbox 0 0 1320 4514">
     <span class='ocr_line' id='line_1_32' title="bbox 0 0 1320 4514; baseline 0 0"><span class='ocrx_word' id='word_1_209' title='bbox 0 0 1320 4514; x_wconf 95' lang='lat' dir='ltr'> </span> 
     </span>
    </p>
   </div>
  </div>
 </body>
</html>
