2580 4514
155 380 226 455 260
318 400 365 448 nu
390 398 534 448 sturnus
559 400 603 446 rr
628 397 750 447 causis
776 399 985 448 nonnosum

153 517 222 590 etsi
245 539 369 612 neque
392 512 438 584 ad
462 513 676 600 sacculum,
702 536 825 608 neque
849 512 897 584 ad
916 512 1033 610 hujus
1051 511 1133 584 otili·

153 634 274 718 cium,
291 630 395 729 quod
408 626 592 701 referebat
607 629 788 699 annulum
804 631 910 726 quasi
927 631 1134 728 quemdam,

152 749 392 847 alligabatur,
417 771 613 844 gangraena
636 761 762 818 tamen
788 763 984 845 correpta,
1002 774 1048 819 ex
1070 773 1136 820 san·

153 867 291 963 guineo
314 865 441 936 colore
460 862 686 959 nigricabat,
712 886 872 958 seroque
896 880 1058 935 cruento
1082 861 1138 935 dil·

150 981 300 1054 fluebat.
307 981 461 1053 Nullum
469 994 593 1051 autem
602 980 833 1069 intestinum,
843 979 908 1052 sed
917 980 1140 1079 parsomenti

151 1099 352 1186 duntaxat,
372 1102 604 1196 superiorem
622 1095 792 1167 herniam
811 1095 980 1186 subibat,
994 1124 1080 1197 quae
1095 1123 1143 1170 ex·

149 1217 266 1289 terius
288 1218 475 1314 inspecta,
499 1215 539 1285 in
568 1214 662 1285 duos
690 1228 768 1285 erat
794 1215 901 1310 quasi
924 1216 1143 1287 monticulos

151 1334 346 1421 distincta3
366 1333 522 1404 interius
543 1346 667 1403 autem
684 1356 762 1402 uno
786 1357 830 1401 cx
847 1332 1000 1403 sacculo
1024 1331 1143 1420 fiebat,

150 1453 191 1523 in
208 1477 321 1550 quem
344 1474 382 1521 se
401 1450 588 1521 laxaverat
609 1450 865 1546 peritonaeum.
884 1452 1025 1522 Praeter
1046 1452 1144 1521 intes·

148 1571 245 1656 tina,
268 1591 353 1637 cum
380 1581 510 1638 caetera
527 1569 668 1639 ventris
693 1567 835 1638 viscera
858 1567 1145 1664 inspiceremus,

150 1684 344 1757 thoracem
361 1684 461 1753 enim
479 1700 515 1755 et
528 1698 640 1781 caput
655 1707 732 1753 non
750 1684 1022 1773 reseravimus,
1039 1683 1146 1782 hepar

149 1800 429 1886 duriusculum,
448 1800 584 1872 lienem
601 1801 725 1870 laxum
742 1815 808 1887 ,et
824 1799 1058 1897 quibusdam
1073 1816 1146 1873 tan·

149 1935 230 1992 tum
243 1920 335 1991 locis
348 1918 507 1989 exterius
517 1916 672 1988 lividum
688 1916 1036 1990 animadvertimus.
1053 1919 1145 1990 Uteri

147 2035 299 2108 vincula
319 2033 553 2132 nigricabant
570 2062 577 2103 :
594 2035 673 2130 ipse
690 2049 814 2106 autem
832 2034 940 2106 valde
958 2058 1099 2132 parvus
1115 2048 1145 2105 et

147 2153 327 2226 tenuibus
345 2151 559 2249 parietibus.
576 2151 722 2240 Quibus
736 2152 883 2239 incisis,
903 2155 1082 2250 apparuit
1092 2176 1144 2224 eo·

147 2297 234 2344 rum
254 2270 459 2343 substantia
473 2270 511 2338 in
530 2268 654 2340 medio
672 2270 790 2340 livens
808 2267 921 2356 adeo,
941 2284 986 2341 ut
1004 2269 1055 2341 ad
1066 2295 1145 2368 gan·

149 2412 310 2487 graenam
329 2386 509 2457 inclinare
524 2384 725 2456 videretur.
748 2390 840 2457 Cum
858 2400 1012 2457 uterum
1040 2388 1144 2487 paulo

147 2503 302 2578 inferius
318 2530 431 2602 quam
451 2502 584 2590 soleat,
601 2504 764 2574 locatum
786 2503 1144 2593 animadvertissem,

147 2624 262 2696 subiit
271 2624 440 2719 vaginam
451 2622 649 2718 inspicere,
659 2635 701 2691 ut
712 2636 897 2717 quantum
908 2622 947 2691 in
959 2621 1063 2694 banc
1072 2646 1145 2723 pro

146 2740 307 2829 cideret,
323 2753 562 2837 perspectum
580 2736 770 2809 haberem.
791 2737 935 2810 Accidit
951 2754 1144 2831 autem,ut

144 2857 251 2931 labiis
268 2859 330 2927 vix
344 2856 522 2944 diductis,
541 2871 577 2926 et
588 2856 729 2952 vaginae
739 2851 883 2926 orificio
894 2854 1048 2930 detecto
1059 2913 1070 2941 ,
1082 2882 1143 2957 per

144 2974 218 3046 hoc
228 2972 470 3073 propendens
480 2988 676 3071 appareret
689 2971 880 3069 quoddam
893 2996 1036 3072 corpus
1046 2973 1142 3075 quod

144 3094 307 3190 aprimo
340 3091 509 3188 accipere
536 3091 673 3187 aliquis
699 3115 770 3187 pro
808 3092 906 3160 uteri
926 3094 1062 3165 osculo
1083 3117 1142 3192 po·

142 3209 283 3281 tuisset.
316 3212 458 3278 Verum
487 3230 572 3278 cum
599 3205 701 3276 haud
728 3209 778 3287 ita
800 3205 955 3280 inferius
981 3212 1140 3307 positum

141 3341 294 3397 uterum
314 3322 429 3394 modo
443 3324 638 3411 vidissem,
657 3337 698 3394 ut
715 3324 745 3393 si
761 3324 821 3394 vel
838 3325 1026 3398 maximus
1041 3342 1141 3414 esset,

140 3441 338 3540 pervenire
357 3439 446 3509 illuc
467 3455 611 3535 posset;
629 3440 753 3536 ipsum
772 3465 858 3512 cum
878 3443 1014 3540 vagina
1027 3445 1140 3543 proti·

139 3583 212 3629 nus
240 3583 260 3628 e
287 3556 464 3628 cadavere
496 3557 704 3629 detractum
730 3559 920 3654 persecui,
939 3561 1139 3659 invenique

139 3673 234 3747 adeo
258 3675 415 3746 crassius
434 3672 572 3746 factum
599 3673 862 3770 glandulosum
880 3676 1044 3748 uretbrae
1060 3700 1139 3749 cor·

137 3814 228 3888 pus,
246 3805 283 3863 et
298 3791 490 3888 vaginam,
506 3792 627 3863 laxam
641 3790 832 3887 alioquin,
858 3792 1042 3891 rugisque
1060 3818 1137 3865 om·

138 3906 249 3979 nibus
274 3923 485 3996 carentem,
512 3907 690 3981 deorsum
716 3908 894 3997 trahens,
913 3925 956 3983 ut
975 3926 1137 3985 extremo
