2580 4514
159 345 229 418 250
323 372 370 417 nn
397 369 541 419 sumnus
567 371 759 420 tanausis
786 370 996 425 noanoautt

157 508 270 579 quam
285 481 332 552 ab
348 482 476 579 illapsa
491 483 643 554 materia
659 484 817 556 distenta
830 482 988 558 fraenant.
1000 488 1145 561 Erathic

156 598 325 670 sacculus
340 600 378 669 in
396 599 550 711 dextero
566 600 739 698 inguine,
767 627 810 673 ex
839 605 1049 701 peritonaeo
1075 608 1146 704 qui·

156 716 241 788 dcm
263 716 381 788 sactus
397 718 585 815 producto
602 734 638 789 ct
654 718 827 811 dilatato,
849 720 914 793 sed
932 746 1011 795 non
1027 748 1072 796 ex
1089 723 1147 799 hu·

150 835 211 929 jus
230 858 430 932 processu,
455 851 495 906 ut
527 835 655 932 plures
685 836 775 907 olim
798 838 1068 929 crediderunt,
1094 842 1147 939 qui

152 977 216 1024 vas
237 977 363 1024 semen
385 951 556 1025 deserens
573 979 731 1052 vasaque
751 959 974 1054 spermatico
1004 953 1149 1031 'comin-

152 1071 330 1158 tur;imo
357 1071 446 1142 huic
476 1073 667 1169 processui
695 1088 730 1144 et
752 1072 812 1146 his
834 1075 949 1164 vasis,
977 1076 1149 1174 sauguine

153 1188 261 1259 valde
290 1186 536 1277 tumentibus,
557 1188 604 1260 ab
626 1190 813 1262 anteriore
832 1207 938 1290 parte
963 1191 1150 1265 incumbe·

150 1304 238 1377 bat:
259 1322 414 1403 eratque
432 1307 553 1394 intus,
585 1322 625 1376 ut
645 1308 849 1405 intercepta
871 1310 1043 1382 intestini
1069 1333 1148 1409 por·

151 1425 224 1512 tio,
243 1422 370 1495 colore
391 1426 622 1522 nigricante,
637 1427 712 1497 sive
729 1428 855 1523 potius
877 1453 922 1501 ex
943 1443 1030 1501 atro
1048 1425 1149 1499 viridi

149 1540 327 1630 infectus,
350 1545 487 1640 quasia
505 1543 654 1614 vitriolo
668 1546 809 1615 tinctus
824 1559 930 1616 esset.
943 1545 987 1617 ln
1005 1547 1147 1618 sinistro

148 1676 272 1731 autem
306 1662 459 1757 inguine
489 1661 585 1732 alter
609 1675 687 1733 erat
710 1661 897 1748 sacculus,
927 1662 1010 1760 ejus
1041 1685 1147 1763 quem

148 1776 327 1876 descripsi
342 1779 569 1861 simillimus,
591 1781 663 1850 nisi
680 1779 784 1876 quod
799 1804 880 1851 eam
893 1804 938 1851 ex
953 1779 1149 1878 quatiebat

148 1896 407 1967 membranam
431 1914 466 1969 et
486 1897 617 1984 fibras,
637 1913 673 1970 et
699 1922 783 1970 vasa
803 1899 930 1971 colore
951 1924 997 1970 ac
1016 1898 1149 1972 caeterit

147 2014 432 2088 conditionibus
451 2015 611 2088 habebat
627 2041 649 2086 n
669 2015 903 2088 naturalibus
922 2043 1003 2093 non
1020 2017 1147 2091 disere·

145 2116 281 2229 pantia.
306 2137 349 2203 In
366 2132 519 2206 thorace
538 2159 625 2207 sana
639 2137 776 2206 omnia.
795 2138 910 2206 Erant
924 2136 1053 2206 tamen
1068 2158 1146 2209 cum

145 2275 324 2347 grumoso
343 2253 524 2350 sanguine
540 2253 728 2350 polyposae
746 2253 1012 2325 concretiones
1028 2251 1147 2325 subin·

143 2380 225 2456 tenc,
244 2371 364 2466 major
384 2371 422 2440 in
445 2369 619 2455 dexteru,
638 2372 764 2440 minor
785 2371 825 2440 in
851 2371 1004 2442 sinistro
1027 2369 1145 2443 cordis

144 2489 379 2577 ventricu103
400 2488 465 2561 sed
478 2504 611 2560 neutra
631 2502 733 2575 extra
752 2487 985 2560 ventriculos
1006 2512 1046 2561 se
1063 2511 1145 2587 pro*

143 2602 315 2677 ducebat.

190 2723 225 2794 6.
246 2721 438 2794 Manifesta
459 2737 537 2793 erat
559 2745 668 2794 causa
681 2720 822 2794 doloris
842 2721 957 2820 hujus
972 2722 1144 2794 videlicet

140 2847 393 2929 incarcerata,
416 2856 458 2912 ut
484 2841 718 2937 loquuntur,
748 2839 891 2912 hernia.
917 2843 974 2912 De
1006 2840 1141 2940 quain

139 2958 198 3030 his
220 2960 353 3031 litteris
378 2957 511 3031 embra
537 2958 691 3055 quidem
716 2960 786 3028 erit
814 2959 1140 3045 commemorati03

140 3077 204 3147 sed
219 3093 364 3148 tantum
390 3091 578 3172 quatenus
603 3099 818 3173 compressa
835 3077 1004 3148 intestini
1022 3089 1142 3174 parte,

138 3191 252 3289 hujus
269 3210 305 3266 et
325 3197 502 3293 proximae
519 3192 736 3293 sanguifera
753 3217 839 3264 vasa
856 3193 1086 3290 strangulat;
1100 3214 1141 3263 ex

138 3335 215 3407 quo
234 3326 277 3382 ut
295 3311 425 3401 dolor,
447 3309 710 3400 inflammatio,
728 3309 926 3408 sphacelns
939 3309 1052 3399 fiant,
1067 3332 1139 3382 non

136 3444 364 3502 necesseest
388 3430 584 3529 explicare.
610 3434 747 3503 Caetera
777 3429 824 3500 de
855 3428 1000 3503 henniis
1031 3445 1068 3503 et
1096 3427 1138 3499 de

136 3547 314 3643 portione
341 3550 536 3646 peritonoei
558 3573 641 3647 quae
668 3548 869 3619 comitatur
887 3572 974 3620 vasa
988 3567 1139 3647 spermtt‘

135 3667 230 3754 tica,
254 3665 421 3765 aiibi(1)
447 3668 682 3764 attingemus.
712 3669 768 3737 De
785 3664 892 3737 iliaca
917 3682 1044 3739 autem
1062 3684 1136 3764 pat·

172 3937 215 4015 (1)
235 3938 329 4015 Epist.
347 3941 400 4010 43,
420 3959 450 3993 n.
466 3937 483 3994 6
497 3951 524 3995 ct
541 3959 569 4012 7.
