2580 4514
986 290 999 319 0

150 369 233 477 5441
316 391 363 438 nr
389 389 535 439 surmus
559 392 603 438 ur
628 390 754 441 causrs
780 393 998 445 uonnounu

148 508 241 595 tim,
264 518 399 576 motus.
429 507 547 576 Porro
579 503 819 579 inducuntur
840 507 926 581 haec
950 511 1039 584 vitia
1056 512 1133 585 cibo·

147 647 233 694 rum
260 622 537 720 potionumque
555 624 596 693 in
616 621 827 697 salubrium
849 627 1049 704 crebriore
1067 659 1134 715 usu,

149 764 265 843 prava
291 739 512 812 eorumdem
536 739 766 838 digestione,
794 767 879 814 uon
906 749 1134 845 respondente

149 857 322 930 ciborum
347 858 461 957 copiae
489 857 528 928 iu
551 855 806 949 diluentibus,
824 865 1083 959 parcimonia,
1097 870 1133 939 ni·

73 1056 85 1081 .
147 978 225 1047 mio
246 999 401 1061 somno,
418 975 492 1046 vita
516 973 722 1047 sedentaria
743 977 934 1052 inclinato
953 986 1131 1080 praesertiu

146 1109 362 1166 antrorsum
381 1116 560 1190 corpore,
578 1116 707 1190 graves
723 1095 842 1165 animi
862 1093 1131 1192 affectionum
1152 1108 1157 1119 “

149 1237 231 1309 quae
251 1210 321 1281 alia
339 1234 408 1307 per
425 1224 461 1281 te
485 1207 590 1281 vides
603 1232 625 1279 a
639 1209 786 1282 medico
805 1236 890 1285 esse
913 1219 1130 1293 removenda

147 1331 218 1404 Sed
238 1332 415 1402 nimirum
435 1328 513 1402 haec
534 1353 621 1427 pars
633 1331 837 1406 curationis
851 1337 946 1409 satis
965 1354 1024 1412 est
1039 1341 1131 1440 aplu

147 1448 253 1521 ribus
276 1460 508 1545 pertractata.
528 1447 717 1538 Quoniam
738 1462 866 1522 tamen
888 1469 959 1527 aut
973 1460 1061 1557 aegri
1074 1484 1129 1531 nou

147 1567 326 1639 diuturna
354 1563 588 1653 obedientia,
611 1579 674 1636 aut
691 1564 874 1660 jecinoris
899 1571 942 1641 iu
967 1572 1130 1674 integrm

146 1682 367 1756 restituendi
380 1678 613 1771 difficultate,
628 1706 792 1782 persaepe
806 1685 953 1762 accidit
962 1717 1042 1765 nou
1051 1717 1129 1767 secut

148 1818 260 1898 atque
289 1802 329 1870 in
361 1801 535 1874 urinariis
564 1800 735 1874 videmus
768 1801 958 1898 calculis,
993 1827 1035 1884 ut
1064 1813 1130 1885 nori

147 1918 394 1990 nihilominus
407 1918 703 2017 progignuntur3
719 1919 810 1993 utile
829 1923 969 1999 saltem
983 1930 1054 2002 erit
1064 1931 1129 2002 dare

147 2061 319 2133 operam,
337 2050 379 2106 ut
389 2034 515 2131 quoad
527 2032 608 2106 fieri
620 2037 757 2133 possit,
775 2041 917 2115 molles
929 2061 970 2118 et
983 2044 1057 2119 laxi
1068 2046 1130 2121 bilit

146 2153 293 2225 canales
321 2168 609 2240 conserventur,
638 2177 685 2224 ne
704 2155 812 2227 novis
839 2163 1059 2239 transituris
1078 2165 1129 2239 cal

144 2270 238 2343 culis
257 2268 364 2340 valde
390 2269 581 2358 resistant,
609 2269 676 2341 sed
697 2266 842 2345 facilius
869 2275 1128 2380 obsequantur,

143 2388 180 2459 id
195 2388 299 2484 quod
313 2412 381 2485 per
393 2385 597 2475 assiduam,
615 2387 846 2491 moderatam
862 2407 998 2471 tamen
1012 2399 1129 2473 diluen-

143 2507 237 2576 tium
257 2502 566 2594 consuetudinem
580 2504 650 2575 crit
668 2507 893 2582 curandum.

194 2622 249 2694 52.
271 2625 326 2692 De
340 2619 552 2692 lithotomia
570 2646 652 2718 quae
676 2621 714 2692 iu
734 2625 858 2699 vesica
876 2654 1039 2732 quoque
1054 2634 1128 2708 lellit

143 2765 266 2839 nuper
279 2740 484 2834 excogitata
498 2753 572 2826 est,
586 2739 666 2809 noli
683 2741 808 2812 mirari
823 2750 937 2842 quod
948 2777 1128 2852 suprauon

141 2857 292 2930 fecerim
307 2856 550 2926 mentionem.
564 2858 657 2935 Nam
672 2859 835 2954 primum
851 2862 1013 2943 dolores
1023 2868 1128 2969 quial

140 2975 275 3074 lapillis
295 2973 434 3044 exitum
456 2972 700 3046 molientibus
732 2977 968 3073 excitantur,
996 3013 1071 3059 uon
1092 2986 1129 3059 tlt

139 3095 184 3164 iis
198 3092 376 3162 duntaxat
393 3105 593 3162 moventur
615 3093 682 3188 qui
700 3117 721 3163 a
743 3097 858 3191 cysti,
878 3101 952 3172 sed
971 3106 1078 3177 etiam
1091 3103 1128 3175 ab

139 3210 184 3279 iis
199 3208 319 3305 quiab
331 3208 503 3306 hepatico
523 3212 752 3305 proveniunt
766 3212 898 3287 ductu.
912 3222 1061 3295 Deinde
1077 3222 1127 3321 qui

139 3326 291 3398 maximi
309 3326 347 3394 in
365 3326 457 3422 cysti
475 3318 617 3423 lapides
636 3343 743 3414 sunt,
761 3355 934 3427 quorum
960 3342 1128 3439 praecipue

138 3441 472 3516 causalithotomia
491 3443 568 3514 haec
588 3444 814 3542 quibusdam
838 3452 998 3528 videtur
1015 3473 1127 3556 optau-

140 3563 209 3650 da,
225 3562 280 3633 illi
301 3586 372 3632 nec
386 3563 525 3633 exitum
543 3564 770 3652 moliuntur,
793 3592 872 3639 nec·
891 3597 1127 3675 magnopere,

73 3689 76 3693 ’
137 3682 269 3780 sapius
288 3677 437 3763 saltem,
453 3681 661 3751 molestiam
677 3698 816 3754 creant.
833 3690 920 3761 Huc
934 3691 1030 3765 illud
1041 3715 1127 3764 acce·

138 3798 211 3885 dit,
234 3796 336 3895 quod
358 3797 429 3868 uisi
446 3798 648 3869 vesiculam
669 3824 779 3872 causa
796 3801 928 3904 aliqua
943 3826 1044 3886 arcte
1056 3831 1125 3883 cum

137 3918 341 4015 peritonaeo
360 3931 579 4006 connectat,
601 3919 681 4014 ejus
698 3934 754 3993 est
771 3924 892 3997 sectio
911 3930 1124 4027 peruiciosa3
