2580 4514
137 328 208 413 284
299 353 346 398 nr
372 353 519 403 sumans
543 356 587 403 nr
611 308 736 406 elusis
761 318 972 410 uorironuu

149 586 645 612 mfflfflfflmm

170 786 402 860 ransom
431 746 933 868 aurionno-urmes
956 796 1083 869 xxm

138 1006 264 1073 Sermo
291 1017 346 1073 est
361 1001 409 1071 de
433 1001 524 1074 Alci
540 1002 810 1096 Adstrictione,
837 1022 874 1078 et
898 1007 946 1079 de
969 1014 1115 1083 Hoemor·

139 1126 144 1131 '
535 1121 739 1193 rhoidibus.

79 1342 80 1347 ’
136 1282 412 1410 Conrasmuru
427 1338 483 1409 illi
499 1337 546 1411 de
563 1366 641 1437 quo
654 1350 779 1439 nuper
793 1341 839 1412 ad
852 1359 889 1414 te
907 1345 1122 1444 scripsimus,

20 1489 22 1493 >
135 1458 266 1528 vitium
292 1457 369 1528 alvi
389 1456 643 1528 adstrictiom's
668 1460 708 1529 in
732 1460 859 1533 multis
884 1462 1042 1559 quidem
1064 1463 1125 1534 ani·
1170 1478 1172 1483 '

92 1653 95 1657 ἱ
136 1575 422 1664 madvertimus‚
440 1591 521 1647 turn
538 1578 618 1648 sine
630 1577 827 1649 manifesto
840 1578 1067 1654 valetudinis
1082 1581 1128 1652 de

136 1693 332 1780 trimento‚
346 1694 415 1763 etsi
429 1692 475 1763 ad
490 1692 770 1781 hebdomadas,
786 1710 898 1792 atque
911 1695 1007 1787 adeo
1020 1696 1129 1796 (quod

137 1824 173 1880 et
193 1809 238 1881 cl.
261 1811 443 1881 Zevianus
460 1826 590 1883 noster
604 1809 663 1908 (1)
678 1811 895 1909 adnotavit)
909 1812 957 1883 ad
976 1839 1130 1888 mensem

138 1928 314 1998 nonnulli
327 1928 488 2024 dejicere
507 1929 671 2001 solerent
686 1928 803 2018 nihil;
821 1945 903 2001 tum
922 1930 1063 2032 (idque
1081 1957 1131 2005 sae·

138 2045 245 2144 pius)
281 2072 367 2118 cum
400 2047 563 2119 evidenti
599 2047 772 2136 laesione,
803 2073 917 2145 quam
945 2075 1052 2124 mors
1066 2051 1133 2150 ipsa

17 2156 21 2163 ’
138 2179 457 2261 consequeretur,
478 2167 670 2237 sociatum.
703 2167 842 2235 Tamen
871 2165 953 2261 ejus
983 2167 1065 2239 vitii
1081 2164 1133 2238 ob·

140 2283 409 2368 servationem,
435 2308 521 2354 curn
548 2281 773 2354 dissectione
799 2283 1066 2381 conjunctam,
1085 2284 1134 2354 vix
1162 2338 1164 2343 .

138 2425 253 2471 unam
286 2398 493 2490 habemus,
520 2425 634 2496 quam
663 2399 726 2470 hic
760 2398 828 2470 tibi
869 2399 1135 2489 describamus

140 2542 228 2587 nam
262 2533 435 2606 caeteras,
472 2519 614 2615 quippe
644 2516 943 2602 vomitionibus,
971 2519 1135 2602 volvulo‚

141 2636 296 2734 aliisque
315 2634 500 2732 ejusmodi
515 2632 711 2706 affectibus
730 2634 789 2730 adj
795 2637 1010 2724 unctas,.ab
1024 2636 1083 2710 his
1096 2660 1138 2708 se

137 2755 297 2852 jungere
317 2778 394 2824 non
420 2768 475 2825 est
495 2754 626 2824 visum.
651 2752 763 2843 Quod
786 2753 816 2823 si
840 2754 879 2822 in
896 2754 1136 2851 Sepulchreto

141 2896 294 2968 quoque
317 2868 456 2942 factum
471 2885 587 2958 esset,
608 2869 654 2940 ad
674 2870 793 2940 multo
812 2871 1000 2975 minorem
1020 2896 1139 2943 nume·

142 3013 224 3057 rum
243 2989 357 3085 hujus
369 2993 453 3058 XIII
469 2989 645 3058 sectionis
666 2986 950 3060 ohservationes
965 2989 1137 3061 redirent.

142 3105 296 3176 Videbis
311 3108 412 3177 enim
430 3106 476 3193 ad
496 3107 697 3203 plerasque
713 3104 959 3195 adnotatum,
981 3130 1139 3207 quanam

141 3227 179 3292 in
197 3224 361 3294 sectione
381 3224 451 3297 alia
472 3223 673 3322 legendum
693 3222 731 3292 id
758 3225 804 3294 sit
829 3224 931 3320 quod
948 3225 997 3296 ab
1016 3224 1139 3298 iisdem

142 3341 312 3411 avulsum
334 3354 399 3411 est.
421 3341 490 3411 Sed
512 3355 548 3410 et
561 3340 650 3410 alias
668 3364 763 3427 esse,
778 3338 823 3409 ad
844 3364 937 3437 quas
956 3340 1059 3413 idem
1074 3338 1142 3412 fue·

143 3475 199 3528 rat
224 3458 505 3546 adnotandum,
533 3474 609 3528 tres
633 3457 812 3527 duntaxat
839 3482 932 3553 quas
953 3460 1140 3558 inspicias,

141 3578 284 3673 paginae
303 3577 481 3673 praeclare
508 3573 843 3663 demonstrabunt,
867 3575 952 3670 193,
972 3601 1052 3675 197,
1065 3574 1137 3648 203.

162 3901 225 3966 Il)
248 3894 291 3944 be
308 3891 394 3958 liuto,
411 3904 484 3957 etc,
503 3895 521 3944 l.
539 3912 571 3959 2,
590 3912 614 3947 c.
635 3912 679 3948 11.
