2580 4514
154 379 225 452 226
321 398 367 447 cs
393 399 537 446 sununs
564 400 607 446 ar
633 398 756 446 causis
781 398 994 447 monacnum

152 516 299 588 facilius
318 511 556 611 suppeditare
583 512 703 582 multo
728 511 930 584 meliorem
962 513 1144 612 mirusque

150 631 431 705 incommodam
445 631 565 700 ideam
579 628 693 726 hujus
711 629 955 701 instrumenti
981 654 1062 730 quo
1080 633 1145 703 satis

151 765 247 823 esset
263 762 451 820 extensam
472 770 618 817 servare
636 770 717 816 eam
730 746 899 818 intestini
914 762 1063 844 partem
1080 772 1143 845 que

152 867 258 938 facile
293 864 492 947 dilatatur,
523 863 624 934 illam
652 863 828 935 videlicet
858 880 1026 961 quaeest
1053 890 1144 964 supu

41 1060 44 1065 ,
154 983 424 1083 sphincterem3
439 1005 507 1078 per
518 979 619 1052 hunc
633 995 760 1052 autem
774 981 841 1078 qui
854 982 1144 1081 magisdilatatio·

152 1105 191 1173 ni
217 1101 374 1187 resistit,
412 1124 490 1169 non
526 1098 614 1195 plus
638 1101 704 1168 viae
735 1113 909 1196 apertum
947 1100 1144 1199 relinquen

149 1243 263 1317 quam
281 1217 386 1315 quod
410 1216 625 1288 transituris
653 1215 832 1288 mollibus
855 1231 891 1288 et
911 1222 1024 1314 quasi
1043 1216 1144 1295 nudi

149 1335 398 1407 excrementis
413 1330 624 1418 sufficeret;
640 1331 727 1403 talia
746 1334 848 1403 enim
868 1348 911 1405 ut
924 1335 1024 1425 sint,
1036 1334 1144 1434 perri·

148 1451 262 1524 vendi
291 1475 492 1536 normam,
518 1451 575 1520 uti
602 1447 792 1539 dicemus,
814 1450 1068 1525 nihilominus
1096 1475 1142 1524 cu·

150 1569 314 1640 randum
331 1583 397 1640 est.
417 1567 489 1638 Sed
503 1591 588 1637 cum
608 1566 727 1664 probe
756 1569 871 1639 sciam
897 1568 1142 1641 machinarum

147 1688 373 1786 plerasque,
393 1683 460 1756 ubi
476 1685 524 1755 ad
546 1708 657 1756 usum
675 1684 901 1774 trahuntur,
920 1687 1004 1784 spei
1016 1686 1141 1785 etcogi

148 1806 282 1877 tationi
296 1805 424 1874 minus
440 1802 671 1900 respondere
690 1802 817 1891 solitas
833 1826 935 1892 esse,
947 1804 989 1874 in
1008 1803 1080 1876 hoc
1093 1827 1141 1875 au·

147 1939 222 1994 tem
236 1922 430 2020 speciatim
447 1944 534 1991 casu
550 1919 726 2019 praeclare
735 1919 883 1991 videam
899 1945 986 2017 quae
999 1920 1140 1993 oriride

146 2042 324 2113 trimenta
348 2052 504 2136 possent
522 2063 601 2108 non
624 2036 740 2107 modo
758 2039 789 2108 si
810 2039 1009 2136 inexperta
1026 2058 1137 2111 manus

146 2160 440 2229 instrumentum
475 2156 694 2225 immitteret
726 2178 768 2224 ac
802 2153 998 2244 dilataret,
1029 2172 1137 2227 verriu

147 2275 259 2346 etiam
277 2300 321 2344 ex
338 2273 417 2370 ipsa
434 2269 626 2368 frequenti
652 2272 882 2343 immissione
908 2295 951 2343 ac
973 2271 1137 2345 dilatatio

150 2417 218 2478 ne,
237 2406 350 2488 atque
366 2388 461 2460 adeo
480 2389 627 2486 abipso
646 2389 835 2477 intestini,
851 2388 945 2461 dum
972 2388 1078 2465 iaeces
1093 2413 1137 2463 cx·

147 2509 397 2609 petierentur,
415 2522 523 2578 motu
537 2522 573 2577 et
587 2508 888 2603 compressione,
903 2530 1069 2606 cumque
1079 2523 1137 2581 tan

144 2627 230 2698 dem
251 2652 300 2697 ne
330 2624 424 2696 illud
455 2624 611 2722 quidem
645 2626 754 2695 scire
770 2649 841 2721 pro
870 2640 978 2699 certo
999 2647 1136 2724 queam,

144 2745 412 2827 relaxationem
445 2740 549 2812 haud
586 2742 696 2813 altius
728 2743 895 2839 incipere
929 2768 1048 2840 quam
1077 2738 1167 2840 quo¹

143 2865 341 2961 pervenire
373 2861 668 2932 instrumentum
697 2861 838 2957 possit,
866 2857 1079 2957 profiteor,
1102 2858 1137 2931 de

142 2980 215 3050 hoc
236 3005 296 3050 me
321 3003 400 3048 non
426 2978 497 3049 alia
527 2993 653 3055 mente
680 3003 894 3049 sermonem
926 2980 1137 3061 instituisse,

142 3099 213 3168 nisi
225 3113 268 3193 ut
278 3097 369 3166 alios
383 3095 430 3166 ad
441 3097 740 3167 commodiorem
756 3097 923 3194 aliquam
935 3094 1138 3170 faciliorem·

141 3241 215 3314 que
234 3215 356 3285 ideam
374 3215 613 3311 quaerendam
633 3216 832 3286 excitarem
847 3241 857 3305 3
882 3240 1001 3312 quarn
1016 3219 1047 3290 si
1059 3228 1137 3298 tuto,

143 3349 180 3405 et
197 3335 276 3404 siue
295 3332 409 3402 ullius
432 3332 589 3428 periculi
611 3334 823 3430 suspicione
839 3331 887 3403 ad
906 3357 1022 3405 usum
1037 3331 1136 3405 dedu·

141 3452 174 3523 ci
193 3472 302 3548 posse
314 3463 503 3521 constaret
519 3477 525 3518 :
545 3467 625 3521 turn
641 3475 732 3522 vcro
748 3452 1054 3550 experimontum
1069 3449 1134 3546 ejus

139 3593 297 3667 capere,
322 3592 447 3664 neque
478 3568 523 3638 ab
558 3590 599 3640 re
633 3566 825 3666 profecto,
859 3594 995 3667 neque.
1020 3563 1134 3641 inutile

136 3685 292 3759 fortasse
310 3680 417 3756 foret.

186 3831 220 3902 9.
239 3800 402 3890 Quando
420 3819 563 3891 autem,
584 3803 623 3873 id
642 3806 745 3901 quod
765 3819 926 3903 propter
950 3804 1069 3876 modo
1089 3802 1132 3871 in·

93 3922 97 3929 ’
136 3923 277 3995 dicatas
302 3943 429 3993 causas
450 3921 653 4018 plurimum
679 3940 832 4012 vereor,
855 3947 929 4022 pro
943 3923 1130 4022 ,explorato
