2580 4514
149 363 220 437 256
312 387 359 433 ur
385 385 530 432 sturnus
555 386 599 432 rr
624 384 748 432 crusis
773 384 988 433 ironnonurt

134 503 275 596 jectum
305 514 400 570 esset
424 523 467 601 ex
484 500 590 593 jure,
614 500 654 568 in
679 522 757 594 quo
783 501 929 571 semina
951 497 1125 571 coriandri

137 616 352 701 bullierant,
362 631 399 688 et
413 616 590 687 sacebaro
603 669 612 701 ,
623 615 713 687 dum
730 614 908 689 redderet
918 670 929 705 ,
940 616 1071 693 cibum
1081 640 1128 686 vo

138 735 245 804 muit.
267 734 343 804 Sub
364 756 555 831 vesperam
575 731 765 803 dormivit.
782 734 1037 807 Postmodum
1054 748 1130 805 utse

139 850 296 922 haberet
317 852 590 947 interrogatus,
610 850 647 920 in
670 851 870 948 epigastrio
900 852 1034 923 nescio
1056 848 1131 949 quid

140 968 309 1066 pulsare,
327 982 363 1039 et
381 967 545 1064 aliquem
570 968 608 1037 in
633 983 769 1060 'ventre
798 992 878 1040 esse
905 969 1047 1041 caloris
1064 992 1131 1041 sen

140 1110 244 1163 sum,
266 1084 470 1183 respoudit.
489 1088 636 1157 Interea
653 1085 817 1156 vomitus
830 1082 1023 1159 ssuidioris
1037 1108 1131 1184 quau

139 1202 344 1290 hactenus,
363 1203 524 1274 materia.
545 1201 735 1299 hujusque
753 1200 929 1273 subllavae
944 1227 1018 1301 per
1036 1205 1131 1275 iuter·

139 1321 236 1391 valla
250 1319 415 1391 vexabat.
432 1325 517 1410 Quo
537 1334 652 1391 totam
669 1334 840 1406 noctem,
856 1335 893 1391 et
910 1321 1132 1417 caeterisqun
1171 1304 1175 1397 l

141 1435 355 1518 dictasunt
380 1437 684 1535 persistentibus,
703 1461 837 1525 mane,
859 1435 922 1508 die
945 1437 1074 1509 morbi
1085 1436 1135 1509 de·

141 1556 260 1640 cima,
281 1556 406 1624 vivere
426 1554 542 1625 desiit.

189 1676 330 1743 Venter
353 1696 526 1768 magnam
550 1673 626 1741 vim
652 1667 807 1742 effusam
824 1670 963 1745 habuit
977 1672 1132 1770 ejusdcm

142 1813 223 1885 quae
240 1789 382 1858 vomitu
400 1790 658 1884 rejiciebatur,
679 1791 861 1878 materiae;
879 1790 1092 1890 eademque
1106 1802 1134 1861 et

140 1906 373 1976 ventriculus
405 1921 441 1975 et
472 1909 597 1977 tenuia
623 1905 670 1976 ad
691 1905 863 1978 herniam
884 1931 1010 2005 usque
1037 1908 1133 1981 intes·

141 2023 234 2093 tina*
250 2022 356 2093 valde
393 2037 500 2094 erant
530 2023 714 2094 distenta:
744 2025 784 2093 in
814 2049 940 2120 coque
969 2027 1134 2121 universo

141 2154 261 2213 tractu
279 2165 399 2225 uuus,
419 2140 521 2211 baud
540 2141 719 2240 amplius,
737 2139 950 2215 lumbricus
968 2139 1043 2215 fuit
1055 2142 1134 2227 duo-

141 2282 227 2327 rum
248 2257 376 2328 similis
391 2263 457 2354 qui
479 2259 577 2330 inter
594 2256 825 2329 vomendum
855 2259 969 2355 ejecti
987 2259 1133 2335 fueraut.

142 2377 269 2445 Crasso
299 2389 420 2446 autem
447 2377 624 2447 intestina¹
648 2390 753 2447 eraut
775 2399 891 2447 vacua
914 2393 954 2449 et
980 2377 1135 2469 albam

141 2515 240 2563 sana.
260 2495 378 2564 Sanus
395 2519 549 2589 quoque
570 2493 811 2589 ventriculus.
831 2492 903 2564 Sed
928 2498 1135 2592 proximum

139 2608 229 2682 huic
254 2613 472 2684 intestinum
495 2636 569 2708 qua
592 2611 768 2682 hilarium
798 2626 835 2682 et
863 2616 1135 2710 pancreaticuu

141 2727 299 2805 ductum
321 2730 476 2825 excipit,
495 2728 546 2798 ibi
569 2727 616 2798 ad
633 2753 696 2800 sex
716 2729 864 2821 circiter
882 2727 1050 2828 digitos,
1070 2743 1134 2805 erat

140 2847 234 2919 adeo
256 2873 301 2918 ex
320 2845 616 2919 inflammatione
637 2845 815 2934 lividum,
832 2862 874 2916 ut
885 2848 967 2942 J’am
983 2874 1134 2950 gangra·

140 2988 226 3034 nam
252 2965 381 3035 oleret.
410 2964 545 3034 Levior
571 2961 839 3050 inflammatm,
855 2967 1085 3040 et'noudum
1102 2967 1165 3039 li·.

140 3106 315 3169 vescens,
334 3081 396 3152 bic
414 3081 488 3150 illic
501 3082 654 3154 tenebat
663 3083 858 3178 jejunum,
873 3097 912 3155 et
927 3084 993 3158 ilei
1003 3102 1135 3185 partem

140 3198 260 3269 multo
285 3201 493 3268 maximnm.
515 3199 671 3296 Reliqua
694 3201 795 3270 enim
820 3225 931 3297 pars,
954 3229 1040 3301 quae
1058 3228 1136 3305 pro·

139 3317 224 3412 pius
244 3315 418 3386 videlicet
431 3317 634 3388 accedebat
651 3316 698 3388 ad
713 3320 824 3389 colon
840 3373 850 3405 ,
868 3344 1071 3419 gangraena
1081 3346 1135 3421 po

139 3433 212 3504 tius
229 3458 342 3530 quam
363 3433 658 3512 inflammatione
672 3434 953 3532 occupabatur,
966 3437 1136 3538 quemad·

138 3550 294 3621 modum
310 3550 449 3622 herniae
459 3553 633 3624 ostendet
648 3553 863 3652 descriptio.
875 3560 966 3629 Erat
975 3561 1136 3633 sacculus

137 3669 222 3765 pyri
251 3665 389 3756 forma,
416 3694 461 3738 cx
488 3672 614 3740 tunica
629 3668 755 3742 'factus
778 3696 856 3743 nou
877 3675 1011 3748 minus
1028 3696 1137 3748 crassa

137 3801 174 3856 et
192 3783 301 3856 firma
318 3811 433 3883 quam
454 3789 588 3859 arteria
604 3787 850 3886 pulmonaris.
871 3793 908 3860 Is
925 3817 1006 3864 non
1022 3808 1136 3866 scroto

136 3901 259 3975 solum
279 3919 316 3974 et
332 3903 462 3991 danto,
482 3904 548 3976 sed
572 3921 608 3977 et
628 3922 851 3978 cremastere
874 3912 1136 4009 musculo,ea·

135 4045 212 4117 que
239 4022 302 4093 cui
320 4019 384 4094 hic
406 4021 595 4096 incumbit
615 4023 856 4118 membrana,
888 4030 1137 4105 communiter
