2580 4514
75 401 78 407 '
167 391 238 482 546
333 416 379 462 on
406 413 552 461 srnmus
576 413 620 459 m
646 411 771 461 crusm
798 414 1010 463 norinorum

163 526 420 626 aperientibus
440 551 521 622 quae
538 525 617 620 jam
638 540 738 598 arcte
755 550 843 597 cum
861 528 1068 626 peritonaeo
1081 553 1143 598 eon·

164 646 347 729 creverit,
371 642 562 738 hujusque
582 643 838 714 concretionis
857 645 968 741 signa
984 644 1031 717 ab
1048 644 1145 717 solerti

165 760 346 858 chirurgo
370 759 484 832 fuisse
513 759 684 829 indicata.
711 763 991 839 Verumtamen
1021 777 1061 833 ut
1077 764 1109 831 in
1120 785 1146 830 re

163 903 260 950 nova
288 877 373 950 lieet
405 901 578 974 magnam
603 875 792 953 interdurn
823 879 948 974 possit
974 879 1145 951 utilitatem

162 994 322 1083 habere,
346 994 440 1073 mihi
463 992 735 1097 expectatulum
760 996 892 1090 potius
918 994 1012 1069 dum
1029 1012 1148 1092 tempu

130 1112 335 1221 &pluribus
349 1113 492 1184 iteratis
509 1110 689 1208 exemplis
701 1109 982 1200 dubitationes,
997 1112 1146 1211 pericula,

163 1227 400 1301 difficultates
419 1225 588 1304 tollendo
611 1225 831 1315 confirmet,
853 1254 977 1325 quam
997 1227 1148 1303 festinan·

162 1346 253 1419 dum
278 1347 379 1416 inea
408 1342 565 1441 perinde
594 1367 637 1421 ae
660 1346 690 1415 si
709 1345 787 1440 jam
807 1346 988 1444 undique
1013 1346 1146 1447 perlecta

162 1478 279 1551 esset,
296 1460 545 1561 proponenda
567 1461 784 1537 existimavi.

212 1580 267 1654 53.
288 1579 409 1665 Habes
429 1578 475 1659 de
500 1578 642 1657 bilariis
663 1579 816 1651 calculis
834 1605 921 1653 non
939 1607 1025 1655 eam
1042 1596 1146 1656 ueru-

159 1701 301 1781 tiouem
316 1721 429 1793 quam
445 1694 618 1791 cupiebat
627 1696 965 1798 Vallisnerins(1);
982 1699 1047 1774 sed
1059 1723 1145 1796 quar

158 1831 240 1886 tum
263 1814 356 1887 mihi
374 1814 510 1885 cursim
526 1811 631 1891 licuit
655 1812 700 1887 ad
720 1813 783 1886 illa
802 1812 950 1889 addere
970 1814 1145 1914 dequibus

159 1933 284 2005 minus
299 1929 380 2009 fuse
393 1945 501 2001 antea
517 1930 653 2016 semel,
672 1931 808 2002 iterum
824 1955 869 2002 ac
889 1933 1050 2009 tertium
1062 1935 1144 2029 scrip

159 2075 291 2123 seram.
326 2046 438 2139 Quod
472 2049 501 2118 si
537 2047 752 2144 Sosigenes,
785 2062 827 2119 ut
865 2063 926 2121 est
960 2050 1062 2148 apud
1092 2049 1144 2121 Pli-

158 2169 265 2240 nium
287 2165 364 2263 (α),
398 2170 502 2235 trinis
527 2167 927 2253 commentationibus,
954 2189 1144 2267 quanquam

158 2285 374 2381 diligentior
391 2298 483 2354 esset
500 2287 661 2365 corteno,
678 2306 754 2351 non
780 2291 940 2379 cessavit
961 2262 1144 2363 remetiar

158 2402 346 2489 dubitare,
365 2408 441 2500 ipre
457 2414 572 2471 semet
589 2399 809 2495 corrigendo
819 2427 833 2485 ,·
858 2402 944 2481 noli
965 2404 1143 2481 mirariue
1185 2474 1187 2481 ,

158 2519 353 2605 hominem
372 2516 526 2616 quidem
553 2541 631 2593 non
657 2517 938 2615 negligentem,
957 2521 1023 2594 sed
1046 2535 1142 2597 tamen

159 2662 246 2721 cum
273 2636 462 2733 plerisque
494 2658 626 2705 eorum
654 2635 720 2731 qul
750 2630 942 2717 hactenus
958 2637 1015 2710 ·de
1039 2634 1142 2709 iisdem

159 2753 310 2843 ealculis
329 2756 561 2850 scripserunt
580 2752 735 2821 minime
756 2755 1080 2850 comparandum,
1098 2751 1141 2827 ui·

96 2929 100 2937 .
157 2872 231 2955 bus
247 2871 320 2942 illis
340 2868 530 2967 prioribus
554 2883 724 2965 quartam
750 2867 852 2943 hauc
878 2867 1139 2951 commentatio

159 3015 245 3077 nem
264 2987 452 3084 adjecisse.
470 2985 573 3060 Vale.
614 3053 617 3057 ,
916 3003 920 3007 “

197 3285 241 3365 (ι)
261 3287 354 3361 Epist.
366 3303 455 3359 supra
466 3285 505 3341 ad
517 3304 548 3340 n.
568 3285 601 3340 13
618 3284 668 3341 eit.
683 3284 785 3341 adnot.
800 3305 828 3342 u.

197 3386 241 3464 (α)
262 3389 331 3443 Nat.
344 3382 416 3446 hist.
439 3387 460 3442 l.
478 3385 530 3455 18,
549 3404 575 3440 c.
594 3382 641 3440 25.
