2580 4514
151 350 221 434 442
318 369 364 414 ns
391 368 535 415 sumnus
561 368 604 414 rr
629 366 752 416 crusis
778 368 990 423 Moesorum

150 483 306 554 materia
322 481 606 580 spectandaest‚
622 504 666 552 ex
679 490 752 579 qua
767 482 879 571 fiant,
895 500 960 556 aut
977 482 1122 557 facum-

149 601 246 687 rint,
264 622 389 696 neque
400 599 498 670 enim
514 623 661 697 semper
676 600 756 695 ejus
768 600 808 669 in
820 624 898 698 qua
913 604 1126 703 reperiuntur

149 713 235 786 bilis
253 715 417 786 colorem
437 715 648 802 imitantur3
663 713 741 786 haec
753 731 880 787 autem
897 742 971 816 pro
986 720 1131 789 variouu

149 833 422 930 sanguinis,aut
435 857 662 929 organorum
672 834 776 920 vitio,
788 833 828 904 in
840 836 924 932 pari
935 837 1048 908 etiam
1056 850 1132 907 atate

150 948 277 1046 dispar
290 948 479 1020 interdum
492 974 570 1021 esse
581 964 715 1048 potest,
723 950 782 1020 vel
793 948 925 1039 fuisse,
941 966 1009 1023 aut
1019 952 1084 1025 sub
1095 976 1137 1023 eo·

81 1050 84 1060 ’
150 1064 236 1137 dem
251 1067 361 1136 etiam
376 1066 502 1137 colore
517 1091 595 1136 non
609 1066 775 1162 ejusdem
792 1069 945 1165 generis
959 1066 1139 1168 illaspeni

150 1184 253 1254 culas
268 1208 312 1252 ex
327 1182 465 1281 quibus
483 1185 719 1280 potissimum
740 1183 910 1256 calcuius
930 1183 1141 1271 fieretubs·

48 1292 52 1297 ’
149 1300 333 1373 condisse.
353 1301 411 1371 Sic
426 1299 512 1371 Abr.
527 1305 686 1373 Vaterus
700 1301 830 1398 (1),sic
844 1300 1141 1400 cl.Trewius(s);

149 1432 192 1488 ut
206 1416 293 1488 alias
307 1432 343 1487 et
356 1432 520 1504 nostras,
540 1430 576 1487 et
589 1417 747 1488 aliorum
764 1416 1058 1492 observationes
1069 1442 1142 1519 prc-

148 1547 354 1622 tereamus3
377 1537 415 1605 in
428 1534 502 1605 bile
515 1540 739 1606 crassissima
758 1552 795 1606 et
808 1541 1027 1632 nigricante
1044 1536 1143 1608 calat-

150 1649 227 1722 lum
239 1652 301 1722 ille
315 1652 573 1723 candicantem
583 1653 737 1741 invenit,
751 1653 845 1724 alter
855 1655 896 1723 in
906 1653 987 1726 bile
1000 1652 1142 1727 vitellino

148 1767 336 1839 calculum
355 1770 517 1840 exterius
534 1766 703 1840 mamma
714 1785 881 1867 exparte
894 1770 1088 1860 albidum,
1101 1793 1142 1840 rc·

70 1947 73 1953 .
149 1885 254 1983 liqna
272 1887 474 1974 brunnam,
491 1889 557 1985 qui
575 1888 756 1958 levissima
762 1891 954 1976 frictione
974 1887 1143 1962 candidii·

147 2007 261 2074 simas
278 2002 528 2092 reddebetum
561 2005 662 2075 intus
685 2018 829 2090 autem,
857 2005 889 2076 si
915 2007 1142 2097 rufescentem

146 2118 353 2217 quamdam
376 2120 563 2192 maculam
587 2121 797 2219 exciperes,
815 2119 1039 2218 pallidum,
1060 2120 1141 2192 etii

90 2312 93 2317 ,
143 2237 229 2306 ‘tiro
249 2235 401 2333 quidem
419 2238 503 2323 ille,
522 2237 583 2309 hic
602 2239 641 2308 in
660 2263 772 2327 sene,
788 2237 922 2308 nonin
934 2234 1143 2338 aliquando

146 2353 364 2426 lescentulo.
462 2412 468 2422 .

199 2497 252 2572 17.
280 2477 355 2544 Nec
382 2474 499 2571 magis
525 2473 790 2544 Reverhorstio
817 2470 948 2545 favent
965 2474 1036 2573 qui
1061 2470 1143 2544 ordi·

144 2596 257 2662 nario
275 2590 345 2663 hos
364 2590 528 2662 calculos
547 2604 670 2677 atros,
688 2591 904 2687 subnigros,
938 2607 1011 2662 aut
1023 2593 1141 2684 fuscos

142 2709 374 2809 deprehendi
384 2709 591 2814 generatim
608 2709 857 2806 scripserunt:
877 2732 1098 2807 quanquam
1107 2719 1141 2778 ut

144 2849 238 2924 saepe
257 2826 395 2898 coloris
417 2824 603 2921 ejusmodi
624 2824 788 2897 calculos
810 2849 831 2894 a
848 2821 1139 2922 Maioribus,ah

143 2945 299 3042 aliisque
320 2946 493 3014 inventos
514 2943 607 3028 scio,
629 2943 758 3040 etipse
776 2939 916 3031 fateor,
941 2946 1140 3042 saepiusan·

142 3064 200 3132 nis
216 3060 490 3158 posterioribus
503 3084 671 3131 mearum
691 3059 1028 3151 observationum,
1045 3080 1141 3161 quan)

141 3176 354 3276 prioribus,
374 3179 582 3268 invenisse,
603 3179 652 3250 ita
681 3202 759 3247 non
779 3200 905 3274 paucae
935 3178 1019 3248 aliae
1043 3202 1138 3259 mea,

142 3309 179 3366 et
195 3296 317 3366 multo
337 3294 468 3393 plures
486 3297 645 3368 aliorum
664 3293 953 3366 observationes
972 3294 1141 3369 memoria

142 3411 316 3484 excidant
351 3438 503 3487 necesse
527 3431 607 3503 est,
634 3428 840 3510 ¹antequam
867 3411 1070 3485 ordinario
1089 3434 1141 3484 oc·

143 3759 147 3765 .
177 3714 221 3795 (1)
242 3718 366 3775 Dissert.
382 3737 441 3792 qua
453 3719 559 3774 ealcul.
572 3727 630 3775 etc·
645 3719 720 3773 thes.
735 3723 752 3782 4
765 3728 793 3773 et
809 3715 837 3772 5.

176 3814 188 3891 (
209 3818 221 3893 )
241 3821 404 3877 Commerc.
422 3820 512 3876 litter.
527 3837 566 3876 au
582 3819 668 3891 1743,
682 3813 772 3875 hebd.
785 3818 842 3890 32,
856 3836 888 3874 n.
903 3817 939 3892 3,
956 3829 989 3876 et
999 3813 1086 3876 hebo
1097 3809 1143 3883 36,

135 3932 168 3973 n·
186 3922 214 3984 i·
