2580 4514
138 357 204 429 188
240 406 243 410 ι
296 381 343 425 nr
370 379 516 426 snnrnus
542 379 585 426 nr
612 378 736 426 musis
762 378 987 491 nortorum&
1173 354 1175 398 ¹

136 495 275 563 mirum
294 508 349 564 est
368 518 446 563 non
470 495 664 590 quaesitum
686 493 776 590 quid
792 493 988 566 accidisset
1005 493 1063 566 isti
1079 493 1117 566 ei·
1168 492 1175 537 ¹

138 609 224 681 dem
249 609 395 708 puellae
430 609 590 698 hebraei,
625 602 842 682 Theutont'ct'
871 610 991 700 dicti,
1027 609 1119 708 qua'm
1170 610 1175 627 ¹

138 727 265 798 clauso
280 727 413 825 podice
431 743 555 801 natam
571 728 802 802 Mercurialis
825 733 862 799 in
888 729 963 819 hac
987 718 1122 800 urbe'ri·

139 842 244 914 derat
262 841 367 917 faeces
377 843 453 944 per
468 845 611 918 vulvam
628 850 872 935 emittentem,
894 860 932 917 et
951 844 1124 916 nihilomi·
1158 862 1161 867 ·

141 987 211 1033 nus
232 978 363 1033 contra
382 979 495 1061 atque
517 963 721 1035 dubitaria
742 961 971 1062 quibusdam
997 974 1126 1062 potent

138 1087 433 1179 supernitentem.
466 1085 606 1153 Verum
640 1105 726 1152 curn
765 1082 921 1152 minime
952 1081 1128 1179 ignoraret

136 1199 307 1299 Rhodius
330 1225 375 1270 ex
406 1199 515 1270 simili
534 1214 571 1270 et
589 1225 693 1296 teque
713 1198 854 1270 celebri
874 1199 1072 1272 Benivenii
1088 1195 1128 1296 (ι)

139 1315 422 1405 observatione,
441 1315 605 1415 puellam
625 1315 777 1388 alteram
794 1341 873 1388 non
886 1316 988 1389 ultra
1001 1331 1129 1390 sextum

138 1433 326 1505 decimum
354 1458 497 1507 annum
524 1435 678 1522 vixisse;
704 1432 811 1506 facile
836 1433 1044 1506 crediderit
1071 1434 1131 1504 ha·
1173 1472 1175 1495 ι

137 1550 276 1623 braeam
303 1577 459 1650 quoque
493 1553 600 1625 istam
633 1577 713 1623 non
742 1552 916 1650 plurimis
945 1567 1131 1651 postquam

140 1669 374 1742 Mercurialis
407 1669 551 1741 viderat
583 1673 690 1743 annis
718 1670 885 1768 (viderat
913 1686 1043 1742 autem
1063 1682 1132 1742 ante

141 1770 283 1857 annum
313 1786 427 1886 1583)
447 1803 608 1860 mortem
631 1787 767 1860 obiisse
779 1785 934 1860 fortasse
951 1788 1132 1873 eamdem,

141 1928 186 1976 ex
198 1905 465 1977 intestinorum
483 1909 651 1978 cruciatu
663 1906 836 1978 videlicet
851 1905 1039 1980 induratis
1048 1919 1133 2006 puta,

140 2037 176 2093 et
187 2024 432 2096 crassioribus
446 2008 648 2121 aliquando
661 2021 766 2096 factis
775 2026 1022 2097 recrementis
1033 2046 1133 2123 quam

139 2155 182 2212 ut
197 2141 256 2211 via
270 2167 351 2213 non
366 2143 525 2213 naturali
544 2142 697 2240 prodire
724 2156 902 2241 possent,
920 2166 993 2213 nec
1010 2141 1133 2213 idonea

139 2255 294 2331 tortasse
317 2275 359 2332 ut
382 2261 616 2333 emollientes
635 2259 941 2358 lubricantesque
971 2242 1134 2357 clystere

141 2377 340 2451 commode
358 2380 628 2450 transmitteret
642 2377 689 2450 ad
707 2356 894 2450 intestiria.
915 2376 990 2449 Sed
1007 2374 1134 2449 sivein

138 2490 265 2594 puella
277 2497 470 2568 Benivenii
484 2496 522 2567 id
534 2494 679 2570 facilius
696 2496 843 2585 accidit,
856 2495 960 2594 quod
976 2519 1058 2568 non
1076 2492 1135 2565 nisi

140 2630 273 2686 octavo
298 2639 452 2713 quoque
481 2615 541 2686 die
567 2608 694 2686 alvum
712 2611 957 2698 exonerabat4
980 2615 1058 2686 sive
1079 2612 1136 2683 be·

137 2730 236 2804 broea
266 2736 439 2805 Patavina
474 2731 619 2804 felicior
645 2731 736 2820 fuit3
767 2745 889 2819 certe,
912 2732 942 2802 si
974 2728 1138 2802 Rhodius

139 2852 385 2947 quaesivisset,
403 2853 530 2922 vivere
557 2852 767 2923 etiamtum
787 2873 889 2920 anno
916 2852 1049 2920 exacto
1068 2870 1139 2947 sep

137 2972 345 3066 tuagesimo
370 2970 385 3068 (
414 2994 494 3040 non
522 2969 638 3040 modo
667 2984 710 3040 ut
746 2967 1019 3040 Herbornensis
1046 2978 1141 3065 qute-

139 3085 225 3156 dam
247 3087 301 3184 (α)
317 3087 527 3185 vigesimo)
544 3085 856 3187 deprehendisset
875 3112 882 3154 :
911 3085 1005 3183 quin
1036 3085 1140 3157 etiam

138 3200 208 3275 fuit
222 3205 373 3276 Rhodio
393 3220 582 3303 superstes
596 3230 717 3277 annos
729 3204 882 3292 multos,
890 3218 934 3274 ut
949 3226 1048 3301 quae,
1061 3222 1140 3273 raro

136 3322 195 3394 vel
212 3325 251 3392 in
271 3323 474 3396 sanissimis
493 3323 687 3422 exempl0,
714 3337 867 3395 centum
896 3321 1000 3419 ipsos
1028 3341 1142 3391 annos

137 3442 246 3528 vixit,
266 3442 363 3512 sicut
379 3441 473 3513 mihi
490 3441 699 3535 testabatur
714 3442 746 3514 is
765 3441 831 3539 qui
850 3439 905 3511 illi
930 3438 1022 3509 anui
1050 3460 1141 3508 nou·

137 3583 336 3655 nunquam
368 3557 488 3631 fuerat
516 3558 701 3647 medicus,
726 3563 874 3632 Isaacus
905 3548 1141 3640 Cauterium,

178 3845 224 3923 (ι)
244 3849 288 3903 De
300 3847 394 3904 addit.
410 3846 543 3902 morbor.
557 3865 638 3904 caus.
653 3857 708 3904 etc.
725 3865 751 3902 c.
764 3843 813 3903 86.
896 3821 899 3826 .

179 3945 223 4025 (r)
244 3943 319 4024 Eph.
331 3948 369 4004 N.
385 3947 419 4003 C.
433 3947 498 4005 dec.
512 3965 545 4021 a,
560 3949 597 4006 A.
612 3966 660 4021 ro,
674 3947 737 4006 obs.
753 3943 801 4019 75.
