2580 4514
198 391 269 438 Lus.
298 390 356 438 111.
382 391 431 438 DE
456 388 592 440 MORBIS
616 390 787 458 mimus,
812 395 925 444 BPIST.
951 398 1034 445 XXX.
1067 400 1130 448 121
1179 411 1185 436 Ι

149 519 199 580 aut
215 529 322 576 novae
338 503 509 602 quedam
528 507 711 578 stomachi
730 508 907 582 molestiae
922 527 986 582 aut
1004 513 1135 604 nullae,

152 638 184 695 nt
195 637 283 694 tunc
301 620 455 719 quidem
470 646 513 712 se
524 647 583 694 res
601 622 813 710 habebant,
830 651 909 698 esse
931 653 950 697 a
971 653 1031 700 me
1052 631 1135 726 qui-

156 738 222 829 den
239 737 472 838 putabantur
496 739 723 812 indicaturae.
752 747 833 815 Huc
859 747 973 843 igitur
990 767 1136 818 summa

157 855 245 928 rediit
256 880 390 928 eorum
406 881 489 953 quae
506 856 719 930 consulenti
732 862 853 931 statim
869 860 1061 960 rescripsi:
1076 889 1139 959 neg

159 997 214 1069 que
226 990 355 1073 postea
374 973 583 1073 quidquam
596 977 722 1051 audivi
738 979 899 1076 amplius
913 980 960 1052 de
977 980 1047 1054 hac
1065 983 1135 1053 vir-

160 1091 233 1185 gine.

195 1236 242 1281 m.
257 1210 397 1282 Utilius
407 1210 479 1308 tibi
495 1209 648 1285 fortasse
668 1215 739 1284 erit
764 1213 868 1312 quod
891 1213 1023 1285 ultimo
1042 1215 1136 1310 adji-

161 1325 232 1398 ciam
254 1328 340 1400 loco
360 1329 407 1401 de
427 1330 571 1401 vomitu
589 1330 637 1401 ad
663 1333 825 1430 partium
855 1332 1010 1403 morbos
1031 1355 1149 1429 spec-·

160 1453 237 1518 tante
262 1446 490 1544 quibuscum
519 1449 751 1521 ventriculus
778 1449 973 1522 consentit.
998 1448 1040 1522 ld
1068 1474 1136 1536 ne,
1204 1538 1207 1543 ,

160 1572 344 1655 attalem,
370 1563 416 1635 ad
436 1565 593 1638 morbos
609 1564 778 1638 differam
800 1592 929 1638 earum
952 1568 1137 1665 partium,

160 1669 217 1753 lle
234 1708 351 1778 unum
378 1679 465 1755 facit
489 1684 593 1783 quod
621 1685 724 1757 nulla
750 1701 805 1757 est
831 1711 942 1783 quam
964 1685 1138 1781 adjiciam

160 1795 322 1873 cadaveris
341 1800 525 1874 dissectio.
550 1801 700 1901 Collega
719 1801 789 1873 fuit
806 1818 933 1875 noster
948 1804 1005 1872 vir
1025 1802 1157 1875 nobi-.

157 1901 313 2006 licinius,
344 1916 502 1990 celebris
523 1921 717 2018 scriptoris
741 1944 877 2018 nepos,
905 1935 941 1992 et
965 1944 1030 1992 sua
1056 1921 1137 2018 ipse

157 2047 288 2132 quoque
301 2034 413 2106 laude
428 2035 576 2136 dignus.
594 2039 669 2129 Qui
684 2062 769 2108 cum
784 2062 903 2110 annos
920 2052 1014 2108 esset
1026 2052 1138 2109 natus

151 2147 189 2219 ad
205 2155 409 2252 sexaginta,
434 2152 639 2227 vomitibus
658 2158 772 2253 coepit
792 2155 918 2226 vexari
939 2154 1080 2226 crebris
1100 2169 1138 2226 et

142 2272 379 2361 pennolestis
392 2273 564 2368 quamvis
576 2296 653 2343 uno
664 2273 856 2344 interdum
871 2271 930 2343 die
945 2274 1138 2369 quiescen-

138 2383 241 2460 tibus.
266 2389 417 2483 Rejecta
438 2390 627 2486 peculiare
648 2389 744 2462 nibil
767 2389 968 2474 habebant.
1000 2389 1137 2460 Medici

133 2518 201 2601 pro
219 2507 290 2578 viri
307 2505 489 2606 dignitate
510 2505 667 2578 aderant
683 2521 759 2579 tres
781 2509 847 2604 qui
866 2523 957 2579 tunc
980 2507 1136 2605 peritio-

130 2638 191 2694 ses
209 2623 538 2712 existimabantur,
557 2638 595 2694 et
614 2622 720 2696 facile
739 2639 870 2713 erant3
895 2639 1002 2695 certe
1030 2637 1144 2694 erant·
1216 2664 1218 2669 ·

130 2741 307 2813 seniores.
334 2743 381 2811 Hi
403 2718 490 2814 cum
508 2741 598 2812 mali
612 2741 739 2814 sedem
761 2743 801 2812 in
820 2739 1031 2813 ventriculo
1057 2756 1137 2810 esse

129 2882 208 2930 non
221 2856 1137 2957 dubitarent,quaead-sanandum'huncfacerent,
1247 2874 1249 2878 ·

129 2992 167 3050 et
185 2978 353 3076 plurima
379 2991 415 3048 et
439 2979 562 3067 varia,
586 2991 624 3049 et
650 2977 716 3049 diu
747 2979 832 3049 satis
859 2975 1136 3064 adhibuerunt3

129 3094 194 3168 sed
212 3096 402 3167 incassum
434 3096 580 3184 omnia;
607 3094 729 3167 donec
755 3121 870 3194 aeger,
900 3093 1139 3166 macilentior

125 3212 202 3308 jam
216 3208 354 3300 factus,
369 3201 625 3284 remediorum
642 3216 839 3311 pertesus,
853 3212 1054 3284 consilium
1069 3235 1139 3308 per

128 3352 167 3402 se
188 3332 305 3429 coepit
320 3330 398 3402 haec
418 3346 553 3403 cuncta
565 3330 832 3427 abjiciendi‚et
844 3355 909 3403 rus
924 3327 1137 3401 secedendi.

128 3448 263 3536 Unde,
275 3474 402 3547 neque
419 3451 471 3522 ita
481 3450 603 3521 multo
615 3465 721 3548 post,
734 3451 773 3520 in
785 3447 922 3520 urbem
935 3470 1137 3543 regressuS,

129 3591 218 3639 ecce
237 3566 308 3639 tibi
324 3593 462 3666 magno
477 3571 556 3640 sine
577 3592 686 3640 causa
706 3565 847 3666 frigore
867 3579 948 3636 toto
975 3586 1137 3659 corpore

131 3683 199 3755 sub
212 3699 365 3756 noctem
379 3687 602 3784 corripitur,
616 3711 735 3783 eaque
751 3686 830 3784 ipsa
845 3696 958 3754 nocte
973 3679 1135 3750 multum

132 3827 218 3874 cum
244 3805 355 3875 urina
383 3805 602 3903 sanguinem
631 3791 765 3877 reddit.
794 3806 903 3874 Hunc
929 3798 1060 3871 eadem
1079 3799 1137 3868 via

134 3943 219 3994 mox
236 3925 483 4021 consequitur
499 3923 661 3998 multum
687 3923 802 4023 puris.
828 3926 961 4018 ltaque
986 3920 1137 4013 sangui-
