2580 4514
153 434 194 480 12
315 433 361 479 DE
388 394 534 479 sunlnns
559 432 603 478 ΕΤ
629 431 753 478 cnusls
778 430 988 479 MORBORUM

146 545 273 618 dinem
289 544 346 642 (1)
364 571 411 616 an
436 542 543 617 famis
563 545 721 618 insolitae
739 568 886 617 causam
907 546 1056 634 credes,
1076 549 1153 619 sive

147 662 251 761 quod
268 664 652 762 ventriculumvmagis
667 662 829 752 foveret,
846 665 921 735 sive
941 665 1046 760 quod
1067 665 1153 761 plus

143 780 232 854 bilis
250 783 463 880 separaret?
479 807 527 854 an
546 778 743 870 effectum,
764 781 867 878 quod
887 796 994 853 aucta
1019 807 1063 852 ex
1087 806 1152 854 co-

144 901 206 999 pia
223 901 339 972 molle
357 903 479 973 viscus
494 900 594 972 haud
608 901 718 972 aliter
730 926 772 972 ac
792 901 831 970 in
852 900 1029 997 saginatis
1044 925 1152 973 anse-

141 1016 249 1090 ribus
260 1017 548 1116 amplificasset?
563 1018 673 1109 Quod
694 1020 725 1090 si
745 1019 792 1089 de
808 1018 950 1116 hepate
960 1018 1053 1088 illud
1068 1043 1152 1089 cen·

143 1160 219 1226 ses3
243 1162 336 1207 num
366 1136 413 1208 de
442 1151 645 1235 pencreate
669 1161 825 1233 quoque
849 1140 923 1233 (α)
954 1136 1152 1208 censebis?-

142 1255 250 1351 quasi
263 1279 369 1342 vero,
378 1256 466 1352 quia
483 1254 600 1326 ductu
618 1269 697 1326 erat
710 1254 909 1353 praeditum
925 1253 1065 1350 duplici
1078 1253 1151 1326 dis·

139 1372 337 1469 tinctoque
366 1372 452 1441 loco
479 1374 654 1443 intestina
685 1373 857 1444 adeunte·
876 1372 890 1467 (
911 1370 950 1441 id
979 1371 1083 1467 quod
1108 1373 1150 1444 in

140 1488 243 1576 aliis,
272 1490 382 1560 etiam
412 1512 493 1560 non
515 1487 714 1576 famelicis,
743 1488 844 1560 haud
872 1487 987 1571 semel
1014 1488 1150 1586 depre-

139 1603 303 1701 hensum
321 1607 406 1696 est)
426 1605 515 1679 ideo
539 1606 661 1677 multo
684 1606 776 1703 pltits
792 1620 1004 1679 secerneret
1028 1608 1149 1695 succi,

140 1745 222 1821 quae
243 1748 302 1795 res
327 1749 406 1794 non
433 1749 478 1795 ex
501 1724 686 1795 ductuum
713 1746 899 1809 numero,
921 1723 988 1819 qui
1009 1722 1149 1795 modici

140 1863 220 1913 esse
238 1855 466 1939 potuerunt,
492 1842 557 1914 sed
584 1867 628 1912 ex
651 1841 824 1928 visceris,
849 1839 954 1938 quod
978 1841 1148 1938 alioquin

139 1979 271 2031 sanum
292 1975 389 2048 erat,
405 1960 579 2058 ampliori
601 1961 631 2032 si
653 1960 749 2031 forte
767 1974 864 2045 erat,
888 1958 1147 2056 magnitudine

139 2079 297 2148 omnino
316 2075 439 2150 fuerat
452 2064 683 2151 deducenda.
697 2079 887 2174 Denique,
903 2078 1028 2148 utalia
1042 2079 1153 2149 omit?

138 2208 215 2266 tam
234 2212 254 2283 ‚‘
276 2195 485 2291 dicendane
512 2210 597 2266 erat
621 2201 713 2267 Pica
742 2220 768 2265 o
801 2193 1000 2266 ventriculi
1022 2210 1147 2272 conen,

138 2316 305 2384 enorta?
320 2317 406 2386 Non
427 2330 546 2402 certe3
567 2313 824 2385 namlethalis
845 2313 923 2384 haec
944 2314 1147 2385 ventriculi

139 2430 353 2529 dispositio,
372 2447 414 2503 ut
427 2434 466 2502 in
488 2432 646 2504 muliere
662 2429 777 2503 fuerit
789 2431 868 2529 jam
883 2431 1148 2533 morti-,proxi-

136 2573 217 2637 ma,
243 2560 324 2621 tum
353 2551 491 2647 procul
517 2549 636 2621 dubio
662 2573 743 2621 esse
759 2548 843 2627 bn
865 2562 1035 2646 poterat,
1064 2572 1148 2620 cum

137 2670 319 2739 carbones
332 2667 389 2738 illi
405 2673 442 2738 in
458 2667 600 2739 deliciis
602 2669 775 2758 fuerant.

188 2785 220 2858 3.
250 2785 322 2858 Sed
349 2786 514 2875 nihilne,
539 2787 687 2883 inquis,
714 2787 753 2857 in
778 2798 857 2858 tota
882 2783 954 2855 hac
978 2786 1149 2858 sectione

120 2902 306 3001 probas?
324 2909 402 3002 Ego
423 2929 514 2977 vero
531 2905 665 3002 plura,
688 2905 835 2975 tametsi
854 2903 894 2973 in
912 2902 992 2974 aliis
1012 2902 1147 2975 melio-

137 3046 218 3093 rem
240 3020 450 3109 delectum,
465 3023 506 3091 in
520 3021 601 3093 aliis
614 3022 737 3099 acrius
746 3019 932 3116 judicium
956 3019 1141 3091 desidero.

137 3139 217 3210 Alia
236 3163 390 3236 quoque
413 3152 501 3210 sunt
519 3163 600 3236 quae
623 3163 703 3210 non
719 3138 798 3210 sine
822 3136 1059 3209 dubitatione
1079 3137 1145 3206 ali·

138 3281 212 3354 qua
230 3257 401 3353 accipere
418 3257 578 3353 possim:
595 3256 666 3327 alia
679 3270 810 3328 contra
822 3280 904 3352 quae
917 3252 1143 3326 confirmare

139 3375 249 3447 etiam
269 3375 420 3471 possim.
440 3373 571 3463 Vides,
590 3374 750 3472 exempli
764 3398 897 3461 causa,
915 3397 997 3470 quae
1011 3371 1058 3442 de
1074 3394 1143 3469 pe-

138 3490 273 3563 diculis
290 3491 433 3589 aliquot
448 3516 467 3562 a
483 3516 602 3589 puero
621 3493 774 3564 icterico
799 3490 985 3562 devoratis
1010 3487 1142 3559 obser-

137 3611 288 3681 vatione
308 3612 360 3682 IX
385 3610 579 3709 proposita
598 3625 704 3699 sunt,
731 3610 833 3681 utin
863 3606 1075 3679 ventriculo
1102 3607 1142 3676 in
