2580 4514
145 377 216 450 516
306 400 352 447 nr
379 397 593 446 sennaser
618 396 741 445 causis
768 399 984 446 monnonuu

143 514 210 585 Ille
228 513 326 583 enim
348 510 400 605 (ι)
418 517 611 581 anteriora
624 509 779 606 quidem
796 529 1008 600 memorat,
1025 508 1115 583 sedita

143 644 350 717 memorat,
370 642 412 698 ut
428 626 644 698 diuturnam
657 626 830 697 dolorem
845 636 1024 700 tensivam
1037 644 1066 698 et
1073 627 1117 698 stt·

146 746 318 818 licantem
337 743 447 816 fuisse
469 744 583 832 dicat,
612 746 681 815 sab
703 744 1000 843 bypocbondrio
1020 746 1117 816 bano

143 869 332 933 anteriora
356 887 477 934 versas
493 862 697 932 molestam.
724 864 792 934 Hic
821 889 918 935 vero
942 864 999 960 (a)
1022 877 1120 962 prater

144 979 414 1050 intolerabilem
430 983 467 1048 in
477 977 612 1049 dextro
629 977 745 1049 latere
759 994 799 1048 et
808 983 882 1051 sab
898 987 1011 1052 costis
1025 985 1122 1080 spuriis

141 1095 311 1168 dolorem
328 1097 395 1166 etsi
412 1094 490 1167 haec
508 1094 630 1184 addit3
650 1101 747 1166 circa
760 1097 1021 1169 scrobicalam
1034 1096 1121 1170 cordis

137 1215 360 1312 persistebat
378 1212 491 1283 dolor
509 1212 697 1285 vehemens
703 1221 945 1311 pressorias,
967 1223 1032 1313 qai
1044 1220 1122 1286 etiarn
1161 1246 1163 1301 q

142 1330 198 1401 ad
219 1327 470 1435 umbilicalem'
493 1354 609 1426 usqae
630 1354 668 1399 se
691 1329 928 1401 extendebat
948 1339 1123 1430 regionem
1161 1320 1163 1345 '

143 1463 269 1519 tamen
284 1471 406 1544 neque
421 1445 653 1550 scrobiculus
667 1446 791 1519 cordis
808 1449 1068 1548 cartilaginem
1081 1472 1122 1519 eu·
1161 1452 1163 1513 j

143 1562 334 1638 siformem
363 1562 675 1662 comprehendit,
703 1578 768 1636 aut
793 1565 823 1636 si
850 1564 919 1638 hic
945 1568 1038 1640 velis
1053 1589 1122 1638 con·
1161 1524 1163 1649 i

142 1679 403 1780 prehendere,
422 1681 635 1752 meminisse
657 1696 832 1777 oportet,
852 1684 894 1753 in
914 1709 962 1755 ea
983 1683 1120 1786 observa·
1161 1652 1163 1797 Ξ

103 1890 105 1895 Δ
135 1800 246 1869 'tione
263 1821 342 1866 nou
360 1796 405 1867 de
424 1796 550 1895 lapide
566 1797 679 1868 verba
699 1797 800 1885 fieri,
827 1799 898 1871 sed
920 1801 972 1873 de
1002 1822 1120 1872 amurca
1161 1810 1163 1825 '

21 1943 37 1960 ¹
101 1902 104 1907 ’
137 1914 299 2000 biliosa,
327 1912 478 1984 ductam
501 1913 769 1986 cboledocbum
795 1917 1026 2007 obturante,·
1042 1934 1075 1990 ut
1088 1917 1121 1986 sic

142 2032 269 2130 potius
287 2027 502 2101 confirmari
518 2047 672 2126 possent
688 2031 750 2101 illa
772 2057 857 2128 quae
877 2059 999 2133 supra
1013 2036 1063 2134 (3)
1073 2033 1121 2105 dis·

143 2149 354 2247 putavimus
373 2146 420 2217 de
437 2146 679 2244 ambiguitate
701 2147 777 2218 hoc
796 2151 958 2248 signum
978 2175 1120 2226 consecu-

141 2280 244 2349 tura,
262 2289 343 2361 quae
357 2279 456 2337 certe
471 2264 540 2333 alia
556 2289 710 2362 quoque
725 2272 985 2365 consequitur
1002 2268 1120 2370 siguaiu

142 2384 315 2480 proxima
348 2377 565 2452 Hoffmanui
592 2381 857 2456 observatione
880 2387 954 2485 (Δ)
975 2393 1120 2462 eatam

140 2499 181 2570 iu
200 2499 332 2570 ultima
347 2496 401 2607 (5)
415 2496 482 2570 ubi
500 2498 546 2569 de
561 2499 711 2570 calculis
726 2499 818 2596 ipsis
831 2505 983 2601 agitur,
1000 2507 1121 2578 ductum
1160 2530 1163 2615 4

142 2615 250 2686 illum
274 2614 579 2704 obstruentibus,
607 2632 736 2687 acutus
757 2625 1021 2716 proponitur,
1038 2639 1068 2694 et
1078 2625 1122 2692 sis
1161 2624 1163 2705 i

143 2730 347 2803 tolerabilis
366 2732 511 2830 bepatis
527 2739 672 2828 regioni
677 2735 832 2830 firmius
845 2742 1022 2812 insistens
1033 2737 1122 2821 dolor,

143 2850 467 2920 intercurrentibus
487 2853 743 2921 intestinorum
763 2849 988 2945 doloribus,
1013 2861 1121 2956 quipe!

141 2965 338 3037 intervalla
355 2968 599 3037 remittebant.
615 2969 789 3065 Denique
810 2973 956 3070 scripta
972 2998 993 3046 a
1010 2971 1119 3074 peritis

142 3083 237 3155 simo
258 3082 454 3192 Archiatro
480 3085 677 3155 Sw'reteuio
698 3083 754 3180 (6)
780 3085 959 3185 inspice,
978 3092 1044 3189 ubi
1064 3110 1118 3188 que

182 3429 226 3508 (ἡ
246 3431 321 3504 Eph.
335 3432 372 3486 N.
386 3432 419 3486 C.
433 3432 496 3489 dee.
513 3451 547 3502 a,
563 3435 600 3488 Α.
614 3453 642 3504 7,
656 3433 718 3490 obs.
735 3442 806 3503 244.

182 3525 224 3608 (a)
245 3529 336 3584 Paulo
352 3541 419 3585 aute
432 3530 482 3586 cit.
498 3531 592 3605 capite
606 3533 640 3602 3,
655 3533 718 3590 obs.
733 3541 762 3600 4.

180 3625 223 3708 o
244 3629 283 3684 r·
304 3634 352 3693 ro·
566 3692 574 3709 .

181 3724 219 3805 (t.x
247 3728 278 3782 C.
295 3725 361 3780 eod.
380 3725 413 3794 3,
432 3725 496 3782 obs.
512 3724 539 3783 5.

246 3823 323 3880 Ibid.
339 3824 403 3879 obs.
419 3825 447 3879 6.

247 3925 413 3983 Commeat.
426 3941 515 4005 supra
528 3925 567 3984 ad
581 3942 610 3984 n.
627 3925 726 3987 15cit.
739 3928 761 4010 S¹
771 3925 844 4007 950.
888 3969 891 3974 ·
