2580 4514
156 353 225 446 554
320 370 365 427 im
393 378 537 428 seorsus
563 374 606 426 ΕΤ
632 374 756 428 carreis
783 373 997 430 atoariorum

154 520 258 564 mora
280 508 316 565 ct
334 496 518 564 viscerum
531 517 613 590 quae
629 493 688 565 vel
704 495 785 591 ipsa
807 494 980 592 denique
1000 510 1140 567 corrun-

153 626 228 710 pat,
245 609 1142 721 putrilagineadmistamutetur·‚nu1npropterea
1174 674 1178 685 .

152 728 359 827 alymphae
393 728 568 800 ductibus
601 754 679 799 non
707 728 840 801 exiisse
871 731 1066 804 credenda
1089 729 1147 803 est?

151 853 231 918 Huc
250 846 411 918 fallacias
434 845 530 917 adde
555 859 636 943 quta
655 867 769 944 saepe,
790 848 865 918 nisi
887 849 980 945 quis
996 848 1147 947 diligenti

151 967 357 1037 attentione
371 975 519 1051 caveat,
536 965 733 1062 imponere
755 975 921 1062 possunt
947 967 989 1036 in
1012 966 1147 1038 cadere·

151 1108 235 1152 rum
254 1082 487 1153 dissectione.
503 1083 597 1151 Nam
620 1100 702 1177 quae
717 1096 813 1179 aqua
832 1070 1008 1179 primum
1028 1081 1148 1172 effluit,

150 1200 221 1270 crit
251 1198 453 1296 aliquando
476 1197 651 1295 limpida,
679 1212 757 1268 non
785 1198 896 1295 quod
921 1201 962 1270 in
991 1216 1089 1299 oegro
1110 1202 1150 1274 sie

151 1330 264 1401 esset,
283 1315 347 1387 sed
376 1315 477 1413 qnod
503 1316 541 1385 in
569 1327 723 1386 mortuo
749 1315 1046 1390 subsidentibus
1069 1328 1149 1390 cras·

150 1433 310 1504 sioribus
329 1432 543 1530 particulis,
562 1433 699 1529 quaein
721 1444 872 1504 summo
886 1448 964 1522 est,
987 1448 1146 1534 aquaptr

147 1550 226 1620 rior
236 1564 291 1621 est
306 1547 409 1620 facta.
429 1554 568 1620 Contra
588 1549 791 1646 aliquando
813 1575 912 1646 pura
935 1564 1028 1652 cum
1049 1557 1145 1629 esset,

148 1665 195 1736 ab
212 1668 291 1763 ipsa
308 1665 349 1738 fit
368 1667 593 1738 dissectione
612 1669 770 1764 impura.
788 1668 850 1738 sic
876 1669 973 1739 olim
999 1668 1146 1742 animad-

147 1784 264 1870 verti,
284 1807 370 1854 curn
388 1785 425 1853 in
443 1783 653 1882 hydropica
669 1783 830 1880 quadam
851 1806 871 1854 a
891 1799 1028 1858 sterno
1047 1792 1157 1858 costts'

152 1898 319 1970 dividere
340 1902 556 1998 coepissem,
582 1900 774 1998 limpidam
805 1905 1060 2000 prorupisse:
1077 1916 1145 1974 cuir

147 2040 278 2087 omnes
296 2017 520 2106 divisissem,
539 2033 665 2090 sterno
690 2017 840 2089 sublato
855 2019 1003 2092 vidisse
1027 2021 1145 2094 subru-

146 2133 323 2205 bentem:
347 2135 510 2232 deniqne
536 2150 622 2207 cum
642 2137 783 2208 viscera
804 2150 1145 2212 contrectassemet

148 2251 313 2323 incidere
328 2254 389 2322 vix
403 2255 631 2350 inciperem,
651 2253 838 2351 quidquid
860 2255 1035 2328 restabat
1060 2268 1146 2354 aque

147 2370 313 2441 colorem
339 2370 498 2441 rubrum
527 2374 765 2444 contraxisse.
790 2373 889 2462 Quae
912 2386 1026 2446 tanto
1048 2373 1147 2472 magis

145 2486 371 2559 attendenda
399 2503 505 2576 sunt,
532 2503 675 2586 quanto
694 2491 820 2560 minus
842 2506 955 2588 aquae
975 2494 1076 2564 inest
1095 2503 1145 2561 sut

144 2616 312 2703 superest
322 2634 339 2689 ,·
348 2621 390 2676 ut
406 2606 465 2678 vel
481 2630 602 2704 pauco
620 2609 756 2678 sensim
782 2615 819 2678 et
839 2611 954 2705 quasi
978 2609 1074 2680 clam
1092 2607 1144 2680 ad·

118 2805 121 2813 ,
142 2725 253 2794 misto
268 2724 449 2821 sanguine
469 2726 584 2821 possit
599 2723 713 2796 infici.
736 2729 831 2797 Sunt
845 2738 883 2797 et
901 2753 992 2824 quae
1009 2727 1057 2798 ab
1073 2727 1144 2798 latso

141 2841 282 2912 viscere
296 2840 445 2937 aliquo,
465 2841 623 2913 velante
635 2845 840 2914 sectionem
860 2858 904 2915 ut
928 2845 1147 2929 indicabam,

139 2956 413 3046 admiscentur,
432 2960 556 3030 minus
574 2959 778 3058 deceptura
794 2959 862 3031 ubi
880 2977 921 3033 et
936 2965 1092 3034 visceris
1100 2963 1144 3033 ia·

140 3076 195 3147 sio
218 3091 353 3174 magna
380 3088 489 3148 estet
509 3077 631 3172 major
657 3102 789 3148 eorum
812 3078 937 3176 copia.
965 3083 1028 3153 Sic
1056 3078 1142 3181 apud

126 3192 392 3264 'Schacherum
409 3193 462 3292 (ri
477 3220 563 3266 cum
578 3210 673 3266 esset
685 3196 939 3291 conjunctum
954 3201 1063 3270 asciti
1075 3222 1141 3270 ova·

136 3312 236 3381 rium
256 3312 461 3408 plurimum
479 3329 630 3384 auctum
649 3327 685 3383 et
702 3312 896 3401 vitiatum,
919 3318 1060 3388 mirum
1076 3340 1140 3387 non

137 3427 208 3499 fuit
224 3453 360 3526 aquam
385 3431 472 3500 satis
494 3430 684 3526 alioquin,
702 3444 745 3500 ut
773 3429 999 3522 videbatur,
1030 3434 1141 3532 limpi-

136 3545 241 3632 dam,
271 3560 341 3643 per
374 3548 678 3644 evaporationem
709 3566 802 3618 mccc
833 3553 874 3620 in
900 3554 1139 3624 substantiam

136 3767 318 3780 ,η-ι-ι

171 3918 215 3995 (1)
237 3921 312 3976 Diss.
328 3920 364 3975 de
379 3919 494 3994 virgine
506 3916 588 3976 escit.
