2580 4514
146 407 221 454 un.
249 406 306 453 111.
333 405 381 452 ne
405 404 541 452 nonnis
566 405 738 470 vnnrnrs,
764 407 875 456 nrrsr.
904 408 1001 456 xxm.
1041 386 1107 476 145

121 546 187 593 um
204 519 399 592 acerrimis
421 520 685 590 intestinorum
711 518 907 593 doloribus
927 522 1108 596 humores

121 636 306 737 gerebat,
334 637 373 706 in
396 635 537 733 quibus
555 651 682 708 tamen
704 660 774 706 nec
802 640 1015 735 sanguinei,
1040 665 1110 712 nec

121 754 303 826 iurulenti
323 755 497 851 apparuit
528 750 744 850 quidquam.
769 757 805 825 Is
832 753 980 826 decimo
1000 758 1111 829 tertio

121 871 203 943 >biit
224 869 351 942 morbi
371 869 441 940 die.
463 870 644 942 Intestina
662 870 788 941 omnia
808 869 1020 968 diligenter,
1041 899 1112 945 nec

121 988 246 1075 semel,
260 989 361 1058 intus
370 987 611 1084 perlustrata,
621 1011 806 1084 nusquam
827 990 1039 1060 erosionem
1054 991 1112 1062 ul-

121 1130 204 1194 am,
225 1103 367 1177 nedum
382 1104 719 1191 exulcerationem,
736 1104 993 1176 ostenderunt.
1012 1111 1111 1197 Imo,

120 1222 213 1321 prod
225 1220 435 1293 mirabilius
451 1221 573 1292 visum
593 1236 663 1309 est,
679 1221 744 1293 illo
764 1246 842 1318 quo
857 1221 1113 1314 obliniuntur,

120 1364 244 1428 uucO,
258 1340 316 1411 uti
332 1352 485 1425 vocant,
504 1363 583 1409 non
599 1337 786 1409 carebant.

156 1458 218 1532 ιδ.
245 1456 318 1529 Sed
341 1481 433 1528 num
450 1458 503 1528 sic
529 1458 669 1553 pariter
694 1457 734 1556 in
755 1459 922 1530 cruentis
939 1457 1115 1556 dysente-

120 1576 203 1649 riisl
229 1578 414 1646 Cruentas
430 1573 530 1645 enim
552 1572 613 1644 hic
631 1564 771 1660 dicam,
785 1589 828 1647 ut
846 1573 893 1646 ab
908 1577 1116 1650 incruentis

120 1714 327 1778 secernam,
342 1690 392 1762 de
409 1688 549 1788 quibus
559 1693 729 1787 proxime
746 1690 887 1762 dictum
902 1707 973 1782 est3
986 1692 1117 1790 dysen-

119 1811 225 1883 teriae
243 1808 351 1898 alibi,
373 1823 410 1879 et
440 1832 528 1878 mox
555 1831 710 1905 quoque
735 1810 816 1880 sine
841 1809 993 1881 alterius
1014 1813 1117 1884 vocis

119 1924 359 2023 adjunctione
378 1949 440 1997 eas
463 1926 739 2023 appellaturus,
753 1939 795 1996 ut
813 1927 932 1999 Graeci
946 1925 1118 1999 solebant

119 2043 268 2132 medici,
281 2067 364 2140 quae
376 2056 464 2114 sunt
477 2056 652 2141 cruentae,
670 2048 833 2112 tormina
842 2045 988 2141 antiqui
996 2047 1118 2117 Latini

119 2160 252 2235 medici
268 2161 434 2231 vocitare
448 2174 732 2231 consueverant.
747 2161 960 2258 Utrumque
973 2187 1018 2234 ex
1034 2162 1117 2234 Cel-

119 2302 156 2353 to
175 2277 235 2376 (1)
260 2278 302 2351 in
321 2277 452 2374 primis
471 2291 526 2349 est
552 2294 695 2348 notum.
733 2280 800 2349 Hic
824 2303 916 2353 vero
938 2305 1018 2351 non
1046 2279 1117 2351 du·

119 2395 230 2483 bitat,
262 2396 303 2466 in
333 2393 544 2491 dysenteria
579 2399 678 2466 intus
706 2399 880 2466 intestina
908 2396 1121 2469 exulcerari

118 2536 372 2609 cnroremque
396 2535 440 2583 ex
458 2510 518 2582 his
534 2510 647 2581 modo
664 2534 750 2582 cum
772 2511 995 2609 quibusdum
1010 2521 1123 2610 quasi

118 2626 1119 2725 mosisexcerni,interdumsimulquoedamcamosa

118 2745 362 2835 descendere,
379 2745 602 2817 vetustiores
628 2744 814 2830 medicos,
834 2760 871 2815 et
891 2746 931 2815 in
960 2747 1006 2817 iis
1030 2749 1119 2844 Hip-

118 2879 311 2969 pocratem
325 2863 380 2961 (a)
392 2875 558 2946 secutus,
568 2864 636 2958 qui
645 2876 770 2932 tamen
782 2859 889 2933 uelut
899 2862 1120 2934 carunculas

118 2982 272 3055 dixerat.
293 2983 341 3052 Et
354 3002 448 3075 saepe
465 2976 619 3074 quidem
636 2977 900 3048 exulcerantur
923 2980 1119 3052 intestina:

118 3120 194 3173 uon
220 3113 349 3171 tamen
378 3118 535 3192 semper.
563 3097 735 3185 Quorum
766 3109 971 3192 utrumque
993 3111 1120 3169 osten-

118 3216 286 3293 dendum
313 3228 378 3287 est.
398 3217 493 3285 Sunt
509 3213 610 3283 enim
626 3213 789 3308 primum
809 3213 1002 3303 nonnulli,
1028 3240 1121 3313 qua-

117 3336 170 3409 les
187 3332 333 3405 audivit
361 3330 471 3401 etiam
494 3330 539 3399 cl.
564 3332 756 3400 Fautonus
775 3328 850 3425 (3),
876 3333 942 3427 qui
967 3333 1025 3401 vix
1050 3359 1120 3413 un·

120 3477 228 3551 quam
244 3449 285 3522 id
299 3447 384 3521 fieri
407 3449 522 3517 aiunt.
543 3445 690 3535 Quibus
705 3461 748 3515 ut
764 3447 842 3544 ipse
863 3449 1034 3545 proprias
1055 3450 1120 3522 ob·

924 4040 967 4086 10
