2580 4514
106 173 174 223 roo
262 154 481 221 br'sumaus
505 172 550 219 nr
574 171 699 220 causis
724 173 933 222 noanonnu

95 310 199 359 num.
225 291 327 358 LVII
349 285 403 384 (1)
432 300 468 356 et
493 290 613 357 LVIII
636 285 695 384 (a)
718 286 876 385 aliisque
900 286 1107 378 indicatam

96 394 250 477 et'cum
281 405 491 501 pancreatis
516 405 615 476 vitiis
642 405 889 500 conjunctum
917 407 1105 477 vomitum

93 523 269 621 reperies.
298 520 482 618 Equidem
502 546 546 589 ex
562 522 608 592 iis
632 546 710 590 non
732 510 813 591 sum
837 522 904 618 qui
929 522 1103 610 morbos,

93 641 224 711 nescio
254 663 373 736 qnos,
405 653 440 708 et
472 639 637 709 vomitus
662 639 721 709 vel
751 639 941 735 sanguinis
970 665 997 710 a
1022 641 1102 711 solo

82 773 296 858 pancreate
321 754 567 827 deducendos
592 754 873 827 arbitrabantur
897 756 945 853 (3
960 755 1003 852 )·:
1025 759 1100 829 imo
1189 767 1193 804 ³

81 872 166 946 'hoc
181 875 305 945 viscus
332 897 401 943 nec
423 896 508 943 raro
529 875 609 943 sine
631 874 776 943 vomitu
804 872 901 944 male
920 864 1097 947 affectum

88 988 209 1065 fateor
225 1017 245 1061 a
264 1015 324 1061 me
347 990 394 1061 ab
409 990 565 1086 aliisque
592 989 885 1087 deprehensum.
920 992 1096 1086 Ejusdem

87 1117 214 1182 tamen
236 1107 391 1178 morbos
409 1131 429 1176 a
450 1107 722 1178 vomitionibus
743 1132 820 1177 non
847 1109 1042 1204 sejunctos
1061 1127 1097 1183 et

43 1279 49 1305 2
85 1222 149 1298 me
166 1225 426 1322 conspexisse,
448 1239 485 1295 et
504 1223 550 1294 ab
570 1223 651 1295 aliis
671 1249 766 1322 saepe
787 1241 1012 1322 conspectos
1031 1252 1097 1298 au·

87 1342 242 1429 divIsse,
267 1365 404 1438 negare
432 1365 511 1410 non
539 1365 704 1438 possum.
727 1340 799 1411 Sed
824 1344 917 1413 meis
943 1343 1096 1439 quidem

86 1457 414 1532 observationibus
434 1460 503 1529 erit
521 1457 613 1529 alibi
629 1459 886 1558 opportunior
898 1459 1016 1532 locus.
1028 1462 1096 1533 Hic

83 1602 176 1650 vero
193 1575 397 1647 nonnullas
418 1575 577 1646 aliorum
595 1577 912 1648 commemorabo.
945 1582 992 1649 Et
1016 1581 1094 1677 pri·

57 1782 59 1789 y
83 1718 188 1766 mum
199 1693 326 1791 accepi
339 1716 359 1762 a
370 1693 567 1791 Malpighii
583 1694 733 1781 assecla,
743 1709 978 1791 praeceptore
995 1721 1093 1783 meo,

8 1807 12 1814 ’
83 1813 219 1898 docte,
246 1836 331 1882 cum
357 1811 524 1899 viveret,
548 1811 725 1882 Bononiae
751 1811 918 1899 medico,
948 1813 1092 1885 Jacobo

83 1926 261 2017 Saudrio,
290 1929 418 2027 plures
439 1928 509 2000 sibi
526 1928 722 1999 adnotatas
741 1952 820 2000 esse
847 1928 1093 2005 dissectiones

81 2074 212 2123 eorum
231 2049 297 2144 qui
312 2044 587 2117 vomitionibus
606 2045 762 2117 obnoxii
775 2043 941 2134 fuerant,
957 2047 1090 2120 humo·

80 2169 133 2239 ris
160 2166 366 2264 praesertim
387 2164 515 2235 colore
536 2164 729 2234 tabaccum
749 2161 964 2253 referentis3
988 2169 1091 2240 iniis

79 2300 205 2358 autem
235 2280 413 2354 omnibus
444 2281 541 2351 male
562 2306 742 2378 pancreas
763 2281 950 2354 habuisse.
979 2289 1089 2357 Hera·

78 2404 326 2476 clitusautem
346 2397 602 2485 Manfredius,
620 2401 650 2470 is
675 2422 788 2497 quem
808 2399 876 2471 tibi
895 2401 985 2474 alias
1009 2429 1088 2476 me·

75 2520 151 2593 rito
169 2520 339 2608 laudavi,
357 2543 444 2590 cum
460 2544 505 2589 ex
525 2519 664 2615 patria,
686 2519 724 2586 in
742 2530 857 2614 q'uam
876 2517 923 2588 ad
938 2545 1089 2594 menses

78 2637 221 2734 aliquot
247 2660 489 2722 secesseram,
513 2636 722 2705 Bononiam
747 2635 940 2707 rediissem
963 2663 1088 2726 anno,

78 2757 236 2852 opinor,
252 2761 363 2851 1704,
378 2752 476 2822 hanc
494 2776 599 2823 suam
616 2752 710 2822 mihi
728 2755 894 2824 narravit
907 2753 1089 2828 observa·

73 2873 218 2945 tionem
232 2895 346 2968 quarn
361 2869 423 2940 hic
437 2885 563 2940 tecum
574 2871 691 2967 magis
703 2872 793 2966 quia
803 2871 849 2941 ad
863 2888 1085 2968 susceptum

75 2990 121 3061 de
139 3002 339 3086 pancreate
355 3011 588 3074 sermonem,
607 3010 720 3083 quarn
741 2988 788 3058 ad
802 2987 976 3060 ordinem
990 3015 1088 3087 pro-

72 3109 227 3178 missum
248 3107 397 3192 attinet,
417 3104 718 3176 communicabo

126 3249 180 3297 ιο.
194 3225 261 3293 Vir
275 3222 469 3310 robustus,
486 3218 589 3292 nulla
607 3220 801 3294 manifesta
816 3248 926 3296 causa
941 3247 1082 3322 praece·
