2580 4514
140 354 211 448 294
308 373 355 419 or
382 369 528 421 snnrnos
544 369 597 418 'tr
622 369 746 418 crusis
771 370 982 420 nmnonnn

139 483 267 581 uerti(
293 483 328 580 ),
342 500 383 556 ut
398 483 564 571 videtur,
584 499 620 555 et
638 484 791 556 ioannis
819 487 974 558 Henrioi
994 490 1118 559 Lartte·
1172 470 1181 569 ]

138 605 171 679 ri
193 602 270 695 (2),
298 618 334 674 et
354 606 461 675 Lucae
483 600 678 673 Schroelrii
695 603 811 699 petris
832 602 912 698 (3),
928 618 967 675 et
992 605 1123 679 loannis
1178 618 1184 651 ³

136 716 255 816 Meryi
267 719 325 817 (Δ)
339 719 574 818 singulorum
587 720 769 817 singulas,
783 718 914 817 plures
930 736 1056 793 autem
1068 720 1124 792 ool·

140 839 323 911 lectorum
335 835 573 910 bibliothece
587 836 805 907 anatomicae
818 835 873 932 (5)
888 862 896 906 :
916 851 955 909 et
969 852 1128 937 praeterea

142 957 222 1034 sine
245 955 350 1031 iliaca
369 969 433 1025 aut
455 953 572 1023 colica
599 955 794 1051 passione,
816 948 939 1025 nnam'
950 950 1053 1028 Petri
1074 960 1131 1026 Bo·

143 1072 226 1151 reili
252 1072 319 1168 (6),
346 1071 498 1142 alteram
530 1069 707 1141 Friderici
736 1073 853 1153 Lessii
877 1073 970 1169 (7),
1003 1074 1133 1149 tertiam
1181 1054 1184 1101 ³

143 1191 295 1288 Georgii
306 1189 505 1288 Segeriffi),
516 1203 687 1286 quartam
703 1187 888 1262 Gabrielis
902 1190 1134 1289 Clauderi(9),

142 1309 313 1406 quintam
334 1307 500 1405 denique
522 1308 620 1377 Petri
638 1307 838 1379 Romm'elii
854 1306 955 1404 (10);
973 1323 1032 1380 tot
1048 1311 1135 1380 enin

143 1443 249 1501 erant
259 1443 421 1522 qriarnm
440 1425 479 1494 in
498 1426 693 1523 praesentia
707 1424 946 1496 recordabar.
959 1425 1060 1497 Alios
1071 1427 1141 1524 ipso

144 1540 251 1619 facile
270 1544 448 1613 invenies.
478 1546 617 1613 Verum
638 1545 668 1614 si
688 1542 746 1613 vel
766 1541 923 1619 totidem
944 1544 1139 1640 reperires,
1173 1586 1184 1671 Ι

143 1685 222 1731 non
238 1659 485 1746 rarissimam,
502 1660 664 1756 opinor,
681 1657 883 1755 clysterum
899 1682 969 1756 per
981 1683 1027 1730 os
1042 1658 1140 1754 rejec-

143 1777 286 1853 tionem
307 1773 469 1863 diceres,
495 1773 730 1873 frequentem
757 1800 837 1844 non
861 1774 1020 1847 diceres.
1040 1775 1140 1847 Pleri-

145 1918 220 1990 que
239 1895 357 1973 ‘enirn
389 1892 546 1982 medici,
572 1895 682 1965 otiam
711 1893 1030 1991 exercitatissimi,
1055 1907 1141 1975 nun·

145 2035 259 2109 quarn
280 2010 480 2087 viderunt:
499 2011 604 2108 quod
624 2035 756 2080 eorum
776 2013 912 2110 scripta
926 2010 1139 2095 ostendunt,

144 2127 213 2208 nbi
240 2129 287 2203 de
319 2128 421 2200 hisee
463 2127 789 2201 observationibus
812 2128 969 2199 *mentio
1003 2126 1143 2213 incidit,
1182 2202 1184 2207 ,

145 2247 307 2328 aliorum
322 2245 475 2344 quidem
490 2247 764 2334 testimonium,
784 2269 863 2316 non
876 2268 1010 2333 suum,
1028 2240 1142 2344 profe·

145 2365 323 2445 rentium.

196 2481 255 2559 30.
275 2480 479 2553 Videamus
493 2503 682 2578 nuncque
700 2505 798 2557 nova
825 2480 974 2552 ratione
997 2480 1145 2580 clysma·

146 2614 227 2683 tum
246 2625 315 2699 per
333 2625 376 2672 os
393 2602 548 2697 rejectio
566 2600 747 2698 explicata
765 2601 820 2672 sit.
838 2600 1006 2671 Positum
1024 2615 1081 2672 est
1095 2600 1146 2669 in·

250 3122 325 3201 Eph.
338 3128 374 3182 N.
391 3127 424 3181 C.
439 3125 503 3180 dec.
518 3142 551 3194 α,
565 3129 602 3181 Α.
617 3123 648 3195 5,
663 3123 756 3183 schol.
774 3126 813 3181 ad
823 3125 886 3182 obs.
904 3125 972 3203 195.

250 3226 324 3284 obs.
341 3245 372 3280 1.
386 3225 435 3280 eit.
454 3244 543 3300 supra
555 3226 594 3281 ad
607 3246 638 3283 n.
657 3226 703 3281 16.

252 3328 337 3382 Tom.
356 3343 388 3394 ι,
404 3343 435 3399 p.
453 3343 485 3395 1,
500 3326 531 3380 in
548 3327 649 3382 adnot.
663 3326 701 3381 ad
712 3328 813 3400 Peyer.
831 3325 961 3384 Exercit.
978 3347 992 3384 1
1005 3329 1043 3386 de
1056 3324 1145 3405 gland·

252 3525 336 3580 Cent.
353 3541 386 3592 1,
402 3523 466 3579 obs.
487 3543 533 3595 ¹7·

254 3623 322 3680 vid.
334 3619 425 3680 schol
437 3623 528 3680 modo
540 3623 590 3680 cit.
605 3623 637 3679 in
651 3618 730 3698 Eph.
745 3625 783 3680 N.
800 3625 833 3681 C.

252 3724 393 3781 Enrnrnd.
408 3724 474 3787 dee.
495 3720 581 3794 1‚'A.
595 3745 632 3799 9,
647 3725 711 3805 σξη.
726 3731 776 3799 94.

251 3823 393 3880 Earumd.
408 3824 472 3881 dec.
487 3843 522 3894 2,
536 3824 600 3879 obs.
617 3824 666 3880 eit.

184 3919 248 3999 (ιο)
269 3924 412 3981 Earumd.
427 3924 491 3981 dec.
510 3924 543 3994 3,
559 3925 597 3980 Δ.
613 3944 649 3995 7,
664 3925 730 3983 obs.
746 3925 795 3999 39.
