<?xml version="1.0" encoding="UTF-8"?>
<!DOCTYPE html PUBLIC "-//W3C//DTD XHTML 1.0 Transitional//EN"
    "http://www.w3.org/TR/xhtml1/DTD/xhtml1-transitional.dtd">
<html xmlns="http://www.w3.org/1999/xhtml" xml:lang="en" lang="en">
 <head>
  <title>
</title>
<meta http-equiv="Content-Type" content="text/html;charset=utf-8" />
  <meta name='ocr-system' content='tesseract 3.04.00' />
  <meta name='ocr-capabilities' content='ocr_page ocr_carea ocr_par ocr_line ocrx_word'/>
</head>
<body>
  <div class='ocr_page' id='page_1' title='image "./desedibusetcaus00adelgoog_0325.png"; bbox 0 0 2580 4514; ppageno 0'>
   <div class='ocr_carea' id='block_1_1' title="bbox 71 317 967 390">
    <p class='ocr_par' dir='ltr' id='par_1_1' title="bbox 71 317 967 390">
     <span class='ocr_line' id='line_1_1' title="bbox 71 317 967 390; baseline -0.002 0"><span class='ocrx_word' id='word_1_1' title='bbox 71 360 74 365; x_wconf 92' lang='lat'>·</span> <span class='ocrx_word' id='word_1_2' title='bbox 137 317 208 390; x_wconf 81' lang='lat'><strong>328</strong></span> <span class='ocrx_word' id='word_1_3' title='bbox 303 341 348 385; x_wconf 89' lang='lat' dir='ltr'><strong>nn</strong></span> <span class='ocrx_word' id='word_1_4' title='bbox 374 338 517 386; x_wconf 77' lang='lat' dir='ltr'><strong>sumnus</strong></span> <span class='ocrx_word' id='word_1_5' title='bbox 541 341 584 385; x_wconf 81' lang='lat' dir='ltr'><strong>ar</strong></span> <span class='ocrx_word' id='word_1_6' title='bbox 610 339 733 387; x_wconf 78' lang='lat' dir='ltr'><strong>causrs</strong></span> <span class='ocrx_word' id='word_1_7' title='bbox 757 338 967 388; x_wconf 80' lang='lat' dir='ltr'><strong>nonnonuu</strong></span> 
     </span>
    </p>
   </div>
   <div class='ocr_carea' id='block_1_2' title="bbox 110 452 1171 3959">
    <p class='ocr_par' dir='ltr' id='par_1_2' title="bbox 110 452 1171 3959">
     <span class='ocr_line' id='line_1_2' title="bbox 136 452 1171 550; baseline -0.003 -24"><span class='ocrx_word' id='word_1_8' title='bbox 136 478 261 550; x_wconf 79' lang='lat' dir='ltr'>raeque</span> <span class='ocrx_word' id='word_1_9' title='bbox 277 452 446 550; x_wconf 82' lang='lat' dir='ltr'><strong>oppletae.</strong></span> <span class='ocrx_word' id='word_1_10' title='bbox 465 457 526 523; x_wconf 87' lang='lat' dir='ltr'><strong>Hae</strong></span> <span class='ocrx_word' id='word_1_11' title='bbox 545 452 727 550; x_wconf 76' lang='lat' dir='ltr'>glandulae</span> <span class='ocrx_word' id='word_1_12' title='bbox 743 478 822 524; x_wconf 90' lang='lat' dir='ltr'><strong>non</strong></span> <span class='ocrx_word' id='word_1_13' title='bbox 849 453 1012 527; x_wconf 76' lang='lat' dir='ltr'><strong>collectae</strong></span> <span class='ocrx_word' id='word_1_14' title='bbox 1026 467 1108 526; x_wconf 85' lang='lat' dir='ltr'><strong>erant</strong></span> <span class='ocrx_word' id='word_1_15' title='bbox 1169 496 1171 540; x_wconf 56' lang='grc' dir='ltr'>Ι</span> 
     </span>
     <span class='ocr_line' id='line_1_3' title="bbox 135 570 1112 667; baseline 0 -25"><span class='ocrx_word' id='word_1_16' title='bbox 135 572 175 642; x_wconf 92' lang='lat' dir='ltr'><strong>in</strong></span> <span class='ocrx_word' id='word_1_17' title='bbox 195 593 367 656; x_wconf 88' lang='lat' dir='ltr'><strong>acervos,</strong></span> <span class='ocrx_word' id='word_1_18' title='bbox 386 595 510 666; x_wconf 88' lang='lat' dir='ltr'><strong>neque</strong></span> <span class='ocrx_word' id='word_1_19' title='bbox 530 571 687 643; x_wconf 89' lang='lat' dir='ltr'><strong>interius</strong></span> <span class='ocrx_word' id='word_1_20' title='bbox 706 571 850 659; x_wconf 83' lang='lat' dir='ltr'><strong>locatae,</strong></span> <span class='ocrx_word' id='word_1_21' title='bbox 870 571 936 644; x_wconf 89' lang='lat' dir='ltr'><strong>sed</strong></span> <span class='ocrx_word' id='word_1_22' title='bbox 956 570 1112 667; x_wconf 81' lang='lat' dir='ltr'><strong>disjecta,</strong></span> 
     </span>
     <span class='ocr_line' id='line_1_4' title="bbox 137 688 1112 787; baseline 0 -29"><span class='ocrx_word' id='word_1_23' title='bbox 137 690 312 785; x_wconf 89' lang='lat' dir='ltr'><strong>interque</strong></span> <span class='ocrx_word' id='word_1_24' title='bbox 328 688 493 760; x_wconf 88' lang='lat' dir='ltr'><strong>intestini</strong></span> <span class='ocrx_word' id='word_1_25' title='bbox 506 689 651 759; x_wconf 90' lang='lat' dir='ltr'><strong>tunicas</strong></span> <span class='ocrx_word' id='word_1_26' title='bbox 665 703 875 761; x_wconf 85' lang='lat' dir='ltr'>extrorsum</span> <span class='ocrx_word' id='word_1_27' title='bbox 897 690 1026 787; x_wconf 91' lang='lat' dir='ltr'><strong>potius</strong></span> <span class='ocrx_word' id='word_1_28' title='bbox 1046 711 1112 786; x_wconf 81' lang='lat' dir='ltr'><strong>pre</strong></span> 
     </span>
     <span class='ocr_line' id='line_1_5' title="bbox 136 788 888 877; baseline 0 -1"><span class='ocrx_word' id='word_1_29' title='bbox 136 805 341 877; x_wconf 90' lang='lat' dir='ltr'><strong>miuehant.</strong></span> <span class='ocrx_word' id='word_1_30' title='bbox 885 788 888 795; x_wconf 42' lang='lat'>¹</span> 
     </span>
     <span class='ocr_line' id='line_1_6' title="bbox 188 922 1171 1020; baseline -0.004 -27"><span class='ocrx_word' id='word_1_31' title='bbox 188 949 220 1019; x_wconf 87' lang='lat'><strong>7.</strong></span> <span class='ocrx_word' id='word_1_32' title='bbox 248 923 459 1020; x_wconf 83' lang='lat' dir='ltr'><strong>Apoplexiae</strong></span> <span class='ocrx_word' id='word_1_33' title='bbox 472 946 599 1009; x_wconf 87' lang='lat' dir='ltr'><strong>causa,</strong></span> <span class='ocrx_word' id='word_1_34' title='bbox 611 925 753 1020; x_wconf 86' lang='lat' dir='ltr'><strong>quippe</strong></span> <span class='ocrx_word' id='word_1_35' title='bbox 766 922 932 995; x_wconf 83' lang='lat' dir='ltr'>huonon</span> <span class='ocrx_word' id='word_1_36' title='bbox 945 924 1120 1008; x_wconf 82' lang='lat' dir='ltr'><strong>attinente,</strong></span> <span class='ocrx_word' id='word_1_37' title='bbox 1169 974 1171 989; x_wconf 91' lang='lat'><em>.</em></span> 
     </span>
     <span class='ocr_line' id='line_1_7' title="bbox 138 1037 1122 1137; baseline -0.003 -24"><span class='ocrx_word' id='word_1_38' title='bbox 138 1040 299 1137; x_wconf 80' lang='lat' dir='ltr'><strong>seposita</strong></span> <span class='ocrx_word' id='word_1_39' title='bbox 311 1095 320 1126; x_wconf 91' lang='lat'>,</span> <span class='ocrx_word' id='word_1_40' title='bbox 332 1039 508 1111; x_wconf 90' lang='lat' dir='ltr'><strong>dolorum</strong></span> <span class='ocrx_word' id='word_1_41' title='bbox 520 1064 665 1111; x_wconf 90' lang='lat' dir='ltr'><strong>causam</strong></span> <span class='ocrx_word' id='word_1_42' title='bbox 678 1039 846 1137; x_wconf 84' lang='lat' dir='ltr'><strong>quotidie</strong></span> <span class='ocrx_word' id='word_1_43' title='bbox 856 1055 959 1112; x_wconf 87' lang='lat' dir='ltr'><strong>certa</strong></span> <span class='ocrx_word' id='word_1_44' title='bbox 966 1039 1062 1111; x_wconf 91' lang='lat' dir='ltr'><strong>hora</strong></span> <span class='ocrx_word' id='word_1_45' title='bbox 1075 1037 1122 1109; x_wconf 85' lang='lat' dir='ltr'><strong>illa</strong></span> 
     </span>
     <span class='ocr_line' id='line_1_8' title="bbox 137 1155 1122 1256; baseline -0.002 -28"><span class='ocrx_word' id='word_1_46' title='bbox 137 1157 414 1228; x_wconf 83' lang='lat' dir='ltr'><strong>recurrentium</strong></span> <span class='ocrx_word' id='word_1_47' title='bbox 433 1156 557 1228; x_wconf 90' lang='lat' dir='ltr'><strong>vides:</strong></span> <span class='ocrx_word' id='word_1_48' title='bbox 579 1158 757 1228; x_wconf 87' lang='lat' dir='ltr'><strong>nimirum</strong></span> <span class='ocrx_word' id='word_1_49' title='bbox 785 1157 981 1256; x_wconf 85' lang='lat' dir='ltr'><strong>glandulas</strong></span> <span class='ocrx_word' id='word_1_50' title='bbox 1005 1159 1045 1228; x_wconf 90' lang='lat' dir='ltr'><strong>in</strong></span> <span class='ocrx_word' id='word_1_51' title='bbox 1064 1155 1122 1227; x_wconf 88' lang='lat' dir='ltr'><strong>ileo</strong></span> 
     </span>
     <span class='ocr_line' id='line_1_9' title="bbox 139 1274 1124 1372; baseline -0.004 -25"><span class='ocrx_word' id='word_1_52' title='bbox 139 1274 406 1372; x_wconf 86' lang='lat' dir='ltr'><strong>amplificatas,</strong></span> <span class='ocrx_word' id='word_1_53' title='bbox 427 1274 609 1360; x_wconf 79' lang='lat' dir='ltr'><strong>siveillae,</strong></span> <span class='ocrx_word' id='word_1_54' title='bbox 629 1275 733 1371; x_wconf 91' lang='lat' dir='ltr'><strong>quod</strong></span> <span class='ocrx_word' id='word_1_55' title='bbox 747 1276 937 1369; x_wconf 22' lang='lat' dir='ltr'><strong>Valsalvau,</strong></span> <span class='ocrx_word' id='word_1_56' title='bbox 957 1298 1124 1372; x_wconf 88' lang='lat' dir='ltr'><strong>quarum·</strong></span> 
     </span>
     <span class='ocr_line' id='line_1_10' title="bbox 138 1391 1124 1489; baseline -0.002 -25"><span class='ocrx_word' id='word_1_57' title='bbox 138 1394 224 1464; x_wconf 89' lang='lat' dir='ltr'><strong>dam</strong></span> <span class='ocrx_word' id='word_1_58' title='bbox 236 1392 391 1463; x_wconf 90' lang='lat' dir='ltr'><strong>aliarum</strong></span> <span class='ocrx_word' id='word_1_59' title='bbox 404 1392 579 1489; x_wconf 87' lang='lat' dir='ltr'><strong>exemplo</strong></span> <span class='ocrx_word' id='word_1_60' title='bbox 592 1392 768 1480; x_wconf 90' lang='lat' dir='ltr'><strong>edoctus,</strong></span> <span class='ocrx_word' id='word_1_61' title='bbox 781 1391 975 1475; x_wconf 88' lang='lat' dir='ltr'><strong>censebat,</strong></span> <span class='ocrx_word' id='word_1_62' title='bbox 993 1391 1124 1463; x_wconf 80' lang='lat' dir='ltr'><strong>cibaria</strong></span> 
     </span>
     <span class='ocr_line' id='line_1_11' title="bbox 110 1507 1126 1608; baseline -0.003 -26"><span class='ocrx_word' id='word_1_63' title='bbox 110 1527 112 1531; x_wconf 76' lang='grc'>’</span> <span class='ocrx_word' id='word_1_64' title='bbox 139 1512 300 1582; x_wconf 88' lang='lat' dir='ltr'><strong>materiae</strong></span> <span class='ocrx_word' id='word_1_65' title='bbox 327 1535 396 1607; x_wconf 92' lang='lat' dir='ltr'><strong>per</strong></span> <span class='ocrx_word' id='word_1_66' title='bbox 424 1510 539 1581; x_wconf 89' lang='lat' dir='ltr'><strong>ileum</strong></span> <span class='ocrx_word' id='word_1_67' title='bbox 566 1510 747 1582; x_wconf 75' lang='lat' dir='ltr'><strong>devolutae</strong></span> <span class='ocrx_word' id='word_1_68' title='bbox 778 1511 1013 1608; x_wconf 89' lang='lat' dir='ltr'><strong>pressionem</strong></span> <span class='ocrx_word' id='word_1_69' title='bbox 1044 1507 1126 1581; x_wconf 87' lang='lat' dir='ltr'><strong>ferre</strong></span> 
     </span>
     <span class='ocr_line' id='line_1_12' title="bbox 141 1625 1127 1724; baseline -0.004 -24"><span class='ocrx_word' id='word_1_70' title='bbox 141 1629 219 1700; x_wconf 93' lang='lat' dir='ltr'><strong>sine</strong></span> <span class='ocrx_word' id='word_1_71' title='bbox 237 1627 369 1698; x_wconf 91' lang='lat' dir='ltr'><strong>dolore</strong></span> <span class='ocrx_word' id='word_1_72' title='bbox 396 1652 473 1697; x_wconf 92' lang='lat' dir='ltr'><strong>non</strong></span> <span class='ocrx_word' id='word_1_73' title='bbox 500 1643 699 1724; x_wconf 83' lang='lat' dir='ltr'><strong>poterant3</strong></span> <span class='ocrx_word' id='word_1_74' title='bbox 727 1628 801 1699; x_wconf 87' lang='lat' dir='ltr'><strong>sive</strong></span> <span class='ocrx_word' id='word_1_75' title='bbox 827 1626 874 1696; x_wconf 93' lang='lat' dir='ltr'><strong>ab</strong></span> <span class='ocrx_word' id='word_1_76' title='bbox 898 1651 1003 1697; x_wconf 92' lang='lat' dir='ltr'><strong>novo</strong></span> <span class='ocrx_word' id='word_1_77' title='bbox 1029 1625 1127 1722; x_wconf 81' lang='lat' dir='ltr'><strong>chylo</strong></span> 
     </span>
     <span class='ocr_line' id='line_1_13' title="bbox 140 1743 1128 1845; baseline -0.001 -29"><span class='ocrx_word' id='word_1_78' title='bbox 140 1769 269 1817; x_wconf 91' lang='lat' dir='ltr'><strong>earum</strong></span> <span class='ocrx_word' id='word_1_79' title='bbox 289 1746 328 1816; x_wconf 91' lang='lat' dir='ltr'><strong>in</strong></span> <span class='ocrx_word' id='word_1_80' title='bbox 348 1760 453 1843; x_wconf 90' lang='lat' dir='ltr'><strong>parte</strong></span> <span class='ocrx_word' id='word_1_81' title='bbox 476 1745 753 1818; x_wconf 86' lang='lat' dir='ltr'><strong>obstructarum</strong></span> <span class='ocrx_word' id='word_1_82' title='bbox 775 1746 966 1845; x_wconf 85' lang='lat' dir='ltr'><strong>angustias</strong></span> <span class='ocrx_word' id='word_1_83' title='bbox 983 1743 1128 1816; x_wconf 87' lang='lat' dir='ltr'><strong>eluctari</strong></span> 
     </span>
     <span class='ocr_line' id='line_1_14' title="bbox 139 1861 1129 1961; baseline 0.001 -30"><span class='ocrx_word' id='word_1_84' title='bbox 139 1878 356 1959; x_wconf 91' lang='lat' dir='ltr'><strong>nequeunte</strong></span> <span class='ocrx_word' id='word_1_85' title='bbox 371 1861 704 1933; x_wconf 88' lang='lat' dir='ltr'><strong>distendebantur:</strong></span> <span class='ocrx_word' id='word_1_86' title='bbox 724 1861 827 1959; x_wconf 93' lang='lat' dir='ltr'><strong>quod</strong></span> <span class='ocrx_word' id='word_1_87' title='bbox 843 1877 880 1933; x_wconf 92' lang='lat' dir='ltr'><strong>et</strong></span> <span class='ocrx_word' id='word_1_88' title='bbox 893 1864 1064 1961; x_wconf 90' lang='lat' dir='ltr'><strong>ipsarum</strong></span> <span class='ocrx_word' id='word_1_89' title='bbox 1073 1885 1129 1932; x_wconf 87' lang='lat' dir='ltr'><strong>na·</strong></span> 
     </span>
     <span class='ocr_line' id='line_1_15' title="bbox 139 1978 1128 2076; baseline -0.001 -27"><span class='ocrx_word' id='word_1_90' title='bbox 139 1994 248 2066; x_wconf 88' lang='lat' dir='ltr'><strong>tura,</strong></span> <span class='ocrx_word' id='word_1_91' title='bbox 275 2005 355 2076; x_wconf 91' lang='lat' dir='ltr'><strong>quae</strong></span> <span class='ocrx_word' id='word_1_92' title='bbox 383 1980 557 2052; x_wconf 84' lang='lat' dir='ltr'><strong>Valsalvae</strong></span> <span class='ocrx_word' id='word_1_93' title='bbox 584 2005 662 2050; x_wconf 92' lang='lat' dir='ltr'><strong>non</strong></span> <span class='ocrx_word' id='word_1_94' title='bbox 692 1981 741 2050; x_wconf 90' lang='lat' dir='ltr'><strong>ita</strong></span> <span class='ocrx_word' id='word_1_95' title='bbox 763 1978 953 2052; x_wconf 90' lang='lat' dir='ltr'><strong>dissimilis</strong></span> <span class='ocrx_word' id='word_1_96' title='bbox 978 1981 1058 2052; x_wconf 85' lang='lat' dir='ltr'><strong>visa</strong></span> <span class='ocrx_word' id='word_1_97' title='bbox 1083 1992 1128 2050; x_wconf 85' lang='lat' dir='ltr'><strong>est</strong></span> 
     </span>
     <span class='ocr_line' id='line_1_16' title="bbox 122 2095 1129 2193; baseline -0.002 -26"><span class='ocrx_word' id='word_1_98' title='bbox 122 2184 125 2189; x_wconf 27' lang='grc' dir='ltr'>Ι</span> <span class='ocrx_word' id='word_1_99' title='bbox 141 2121 268 2167; x_wconf 90' lang='lat' dir='ltr'><strong>earum</strong></span> <span class='ocrx_word' id='word_1_100' title='bbox 283 2098 414 2193; x_wconf 88' lang='lat' dir='ltr'><strong>quaein</strong></span> <span class='ocrx_word' id='word_1_101' title='bbox 427 2098 650 2168; x_wconf 91' lang='lat' dir='ltr'><strong>mesenterio</strong></span> <span class='ocrx_word' id='word_1_102' title='bbox 665 2111 770 2184; x_wconf 88' lang='lat' dir='ltr'><strong>sunt,</strong></span> <span class='ocrx_word' id='word_1_103' title='bbox 784 2095 995 2186; x_wconf 89' lang='lat' dir='ltr'><strong>indicabat,</strong></span> <span class='ocrx_word' id='word_1_104' title='bbox 1008 2112 1047 2170; x_wconf 87' lang='lat' dir='ltr'><strong>et</strong></span> <span class='ocrx_word' id='word_1_105' title='bbox 1055 2095 1129 2167; x_wconf 87' lang='lat' dir='ltr'><strong>alba</strong></span> 
     </span>
     <span class='ocr_line' id='line_1_17' title="bbox 139 2212 1130 2312; baseline 0.001 -28"><span class='ocrx_word' id='word_1_106' title='bbox 139 2214 202 2285; x_wconf 90' lang='lat' dir='ltr'><strong>illa</strong></span> <span class='ocrx_word' id='word_1_107' title='bbox 228 2239 302 2311; x_wconf 91' lang='lat' dir='ltr'><strong>qua</strong></span> <span class='ocrx_word' id='word_1_108' title='bbox 326 2214 511 2311; x_wconf 77' lang='lat' dir='ltr'><strong>pleraeque</strong></span> <span class='ocrx_word' id='word_1_109' title='bbox 537 2212 848 2305; x_wconf 58' lang='lat' dir='ltr'><strong>infarciebanflr,</strong></span> <span class='ocrx_word' id='word_1_110' title='bbox 872 2215 1034 2286; x_wconf 88' lang='lat' dir='ltr'><strong>materia</strong></span> <span class='ocrx_word' id='word_1_111' title='bbox 1051 2238 1130 2312; x_wconf 87' lang='lat' dir='ltr'><strong>qua·</strong></span> 
     </span>
     <span class='ocr_line' id='line_1_18' title="bbox 140 2329 1131 2430; baseline 0.005 -30"><span class='ocrx_word' id='word_1_112' title='bbox 140 2330 326 2408; x_wconf 89' lang='lat' dir='ltr'><strong>dantenus</strong></span> <span class='ocrx_word' id='word_1_113' title='bbox 352 2329 607 2403; x_wconf 84' lang='lat' dir='ltr'><strong>confirmabat.</strong></span> <span class='ocrx_word' id='word_1_114' title='bbox 628 2335 810 2403; x_wconf 85' lang='lat' dir='ltr'><strong>Caeterum</strong></span> <span class='ocrx_word' id='word_1_115' title='bbox 838 2331 900 2401; x_wconf 89' lang='lat' dir='ltr'><strong>hie</strong></span> <span class='ocrx_word' id='word_1_116' title='bbox 932 2333 1131 2430; x_wconf 85' lang='lat' dir='ltr'><strong>praesertim</strong></span> 
     </span>
     <span class='ocr_line' id='line_1_19' title="bbox 141 2446 1131 2546; baseline 0.002 -28"><span class='ocrx_word' id='word_1_117' title='bbox 141 2448 309 2521; x_wconf 86' lang='lat' dir='ltr'><strong>attendas</strong></span> <span class='ocrx_word' id='word_1_118' title='bbox 330 2449 467 2536; x_wconf 88' lang='lat' dir='ltr'><strong>velim,</strong></span> <span class='ocrx_word' id='word_1_119' title='bbox 493 2473 607 2546; x_wconf 91' lang='lat' dir='ltr'><strong>quam</strong></span> <span class='ocrx_word' id='word_1_120' title='bbox 621 2446 760 2539; x_wconf 66' lang='lat' dir='ltr'><strong>faule,</strong></span> <span class='ocrx_word' id='word_1_121' title='bbox 790 2463 826 2519; x_wconf 92' lang='lat' dir='ltr'><strong>et</strong></span> <span class='ocrx_word' id='word_1_122' title='bbox 851 2473 968 2545; x_wconf 87' lang='lat' dir='ltr'><strong>quam</strong></span> <span class='ocrx_word' id='word_1_123' title='bbox 993 2451 1071 2522; x_wconf 86' lang='lat' dir='ltr'><strong>cito</strong></span> <span class='ocrx_word' id='word_1_124' title='bbox 1095 2473 1131 2521; x_wconf 89' lang='lat' dir='ltr'><strong>ea</strong></span> 
     </span>
     <span class='ocr_line' id='line_1_20' title="bbox 141 2565 1131 2666; baseline 0.001 -30"><span class='ocrx_word' id='word_1_125' title='bbox 141 2566 258 2663; x_wconf 88' lang='lat' dir='ltr'><strong>spatia</strong></span> <span class='ocrx_word' id='word_1_126' title='bbox 279 2568 404 2636; x_wconf 90' lang='lat' dir='ltr'><strong>omnia</strong></span> <span class='ocrx_word' id='word_1_127' title='bbox 434 2567 471 2636; x_wconf 91' lang='lat' dir='ltr'><strong>in</strong></span> <span class='ocrx_word' id='word_1_128' title='bbox 501 2565 639 2663; x_wconf 90' lang='lat' dir='ltr'><strong>quibus</strong></span> <span class='ocrx_word' id='word_1_129' title='bbox 664 2581 770 2637; x_wconf 91' lang='lat' dir='ltr'><strong>erant</strong></span> <span class='ocrx_word' id='word_1_130' title='bbox 791 2566 881 2653; x_wconf 69' lang='lat' dir='ltr'><strong>illae,</strong></span> <span class='ocrx_word' id='word_1_131' title='bbox 899 2567 1131 2666; x_wconf 89' lang='lat' dir='ltr'><strong>nigredinem</strong></span> 
     </span>
     <span class='ocr_line' id='line_1_21' title="bbox 141 2682 1133 2780; baseline 0.001 -26"><span class='ocrx_word' id='word_1_132' title='bbox 141 2684 330 2756; x_wconf 87' lang='lat' dir='ltr'><strong>traxerint.</strong></span> <span class='ocrx_word' id='word_1_133' title='bbox 349 2683 421 2754; x_wconf 86' lang='lat' dir='ltr'><strong>Sed</strong></span> <span class='ocrx_word' id='word_1_134' title='bbox 440 2684 634 2768; x_wconf 82' lang='lat' dir='ltr'><strong>inertiam,</strong></span> <span class='ocrx_word' id='word_1_135' title='bbox 653 2685 798 2780; x_wconf 86' lang='lat' dir='ltr'><strong>inquis,</strong></span> <span class='ocrx_word' id='word_1_136' title='bbox 818 2682 1004 2756; x_wconf 87' lang='lat' dir='ltr'><strong>fibrarum</strong></span> <span class='ocrx_word' id='word_1_137' title='bbox 1026 2687 1133 2759; x_wconf 87' lang='lat' dir='ltr'><strong>intes·</strong></span> 
     </span>
     <span class='ocr_line' id='line_1_22' title="bbox 141 2801 1134 2899; baseline 0.001 -27"><span class='ocrx_word' id='word_1_138' title='bbox 141 2801 210 2872; x_wconf 89' lang='lat' dir='ltr'><strong>tini</strong></span> <span class='ocrx_word' id='word_1_139' title='bbox 239 2801 435 2899; x_wconf 86' lang='lat' dir='ltr'><strong>apoplexia</strong></span> <span class='ocrx_word' id='word_1_140' title='bbox 462 2816 633 2890; x_wconf 86' lang='lat' dir='ltr'><strong>auxerat,</strong></span> <span class='ocrx_word' id='word_1_141' title='bbox 661 2826 739 2897; x_wconf 93' lang='lat' dir='ltr'><strong>quo</strong></span> <span class='ocrx_word' id='word_1_142' title='bbox 770 2801 896 2873; x_wconf 92' lang='lat' dir='ltr'><strong>minus</strong></span> <span class='ocrx_word' id='word_1_143' title='bbox 923 2825 995 2899; x_wconf 88' lang='lat' dir='ltr'><strong>per</strong></span> <span class='ocrx_word' id='word_1_144' title='bbox 1017 2804 1134 2875; x_wconf 87' lang='lat' dir='ltr'><strong>vitiata</strong></span> 
     </span>
     <span class='ocr_line' id='line_1_23' title="bbox 141 2917 1134 3017; baseline 0.001 -29"><span class='ocrx_word' id='word_1_145' title='bbox 141 2917 328 3016; x_wconf 82' lang='lat' dir='ltr'><strong>glandulis</strong></span> <span class='ocrx_word' id='word_1_146' title='bbox 354 2943 396 2990; x_wconf 89' lang='lat' dir='ltr'><strong>ea</strong></span> <span class='ocrx_word' id='word_1_147' title='bbox 426 2920 542 3015; x_wconf 89' lang='lat' dir='ltr'><strong>spatia</strong></span> <span class='ocrx_word' id='word_1_148' title='bbox 568 2920 787 3015; x_wconf 89' lang='lat' dir='ltr'><strong>sanguinem</strong></span> <span class='ocrx_word' id='word_1_149' title='bbox 813 2934 970 3015; x_wconf 90' lang='lat' dir='ltr'><strong>possent</strong></span> <span class='ocrx_word' id='word_1_150' title='bbox 987 2944 1134 3017; x_wconf 88' lang='lat' dir='ltr'><strong>promo-</strong></span> 
     </span>
     <span class='ocr_line' id='line_1_24' title="bbox 141 3034 1135 3135; baseline 0.002 -31"><span class='ocrx_word' id='word_1_151' title='bbox 141 3041 386 3124; x_wconf 82' lang='lat' dir='ltr'><strong>vereFateor,</strong></span> <span class='ocrx_word' id='word_1_152' title='bbox 398 3036 549 3107; x_wconf 88' lang='lat' dir='ltr'><strong>sednon</strong></span> <span class='ocrx_word' id='word_1_153' title='bbox 561 3034 1135 3135; x_wconf 81' lang='lat' dir='ltr'><strong>proptereavitiatasaliaspartes</strong></span> 
     </span>
     <span class='ocr_line' id='line_1_25' title="bbox 142 3152 1135 3252; baseline 0.002 -32"><span class='ocrx_word' id='word_1_154' title='bbox 142 3176 328 3249; x_wconf 90' lang='lat' dir='ltr'><strong>occupare</strong></span> <span class='ocrx_word' id='word_1_155' title='bbox 348 3177 561 3252; x_wconf 86' lang='lat' dir='ltr'><strong>grangraena</strong></span> <span class='ocrx_word' id='word_1_156' title='bbox 583 3152 676 3224; x_wconf 87' lang='lat' dir='ltr'><strong>solet</strong></span> <span class='ocrx_word' id='word_1_157' title='bbox 694 3168 769 3223; x_wconf 86' lang='lat' dir='ltr'><strong>tam</strong></span> <span class='ocrx_word' id='word_1_158' title='bbox 790 3154 863 3224; x_wconf 91' lang='lat' dir='ltr'><strong>cito</strong></span> <span class='ocrx_word' id='word_1_159' title='bbox 889 3177 979 3224; x_wconf 93' lang='lat' dir='ltr'><strong>cum</strong></span> <span class='ocrx_word' id='word_1_160' title='bbox 999 3153 1135 3226; x_wconf 84' lang='lat' dir='ltr'><strong>accedit</strong></span> 
     </span>
     <span class='ocr_line' id='line_1_26' title="bbox 141 3269 1136 3367; baseline 0.003 -29"><span class='ocrx_word' id='word_1_161' title='bbox 141 3269 346 3366; x_wconf 82' lang='lat' dir='ltr'><strong>apoplexia.</strong></span> <span class='ocrx_word' id='word_1_162' title='bbox 365 3272 454 3358; x_wconf 86' lang='lat' dir='ltr'><strong>Quae</strong></span> <span class='ocrx_word' id='word_1_163' title='bbox 472 3271 574 3340; x_wconf 91' lang='lat' dir='ltr'><strong>nulla</strong></span> <span class='ocrx_word' id='word_1_164' title='bbox 592 3285 691 3342; x_wconf 88' lang='lat' dir='ltr'><strong>certe</strong></span> <span class='ocrx_word' id='word_1_165' title='bbox 709 3285 947 3367; x_wconf 71' lang='lat' dir='ltr'><strong>praecesserat</strong></span> <span class='ocrx_word' id='word_1_166' title='bbox 964 3273 1005 3342; x_wconf 93' lang='lat' dir='ltr'><strong>in</strong></span> <span class='ocrx_word' id='word_1_167' title='bbox 1019 3271 1136 3343; x_wconf 83' lang='lat' dir='ltr'><strong>obser·</strong></span> 
     </span>
     <span class='ocr_line' id='line_1_27' title="bbox 140 3386 1134 3484; baseline 0.004 -29"><span class='ocrx_word' id='word_1_168' title='bbox 140 3389 290 3457; x_wconf 81' lang='lat' dir='ltr'><strong>vatione</strong></span> <span class='ocrx_word' id='word_1_169' title='bbox 306 3386 441 3473; x_wconf 86' lang='lat' dir='ltr'><strong>altera,</strong></span> <span class='ocrx_word' id='word_1_170' title='bbox 467 3413 580 3484; x_wconf 89' lang='lat' dir='ltr'><strong>quam</strong></span> <span class='ocrx_word' id='word_1_171' title='bbox 608 3387 786 3460; x_wconf 87' lang='lat' dir='ltr'><strong>Sandrius</strong></span> <span class='ocrx_word' id='word_1_172' title='bbox 810 3386 944 3460; x_wconf 88' lang='lat' dir='ltr'><strong>hahuit</strong></span> <span class='ocrx_word' id='word_1_173' title='bbox 971 3389 1134 3462; x_wconf 87' lang='lat' dir='ltr'><strong>adhunc</strong></span> 
     </span>
     <span class='ocr_line' id='line_1_28' title="bbox 141 3503 307 3574; baseline 0 0"><span class='ocrx_word' id='word_1_174' title='bbox 141 3503 307 3574; x_wconf 93' lang='lat' dir='ltr'><strong>modum.</strong></span> 
     </span>
     <span class='ocr_line' id='line_1_29' title="bbox 139 3592 1135 3718; baseline 0.007 -28"><span class='ocrx_word' id='word_1_175' title='bbox 139 3634 148 3677; x_wconf 72' lang='grc' dir='ltr'>ἰ</span> <span class='ocrx_word' id='word_1_176' title='bbox 192 3621 224 3691; x_wconf 90' lang='grc'><strong>8.</strong></span> <span class='ocrx_word' id='word_1_177' title='bbox 251 3624 294 3691; x_wconf 87' lang='grc' dir='ltr'><strong>Ν.</strong></span> <span class='ocrx_word' id='word_1_178' title='bbox 325 3621 557 3718; x_wconf 92' lang='lat' dir='ltr'><strong>Cupellinius</strong></span> <span class='ocrx_word' id='word_1_179' title='bbox 581 3624 698 3695; x_wconf 85' lang='lat' dir='ltr'><strong>colica</strong></span> <span class='ocrx_word' id='word_1_180' title='bbox 716 3592 890 3695; x_wconf 84' lang='lat' dir='ltr'><strong>laborans</strong></span> <span class='ocrx_word' id='word_1_181' title='bbox 915 3622 1135 3711; x_wconf 79' lang='lat' dir='ltr'><strong>affectione,</strong></span> 
     </span>
     <span class='ocr_line' id='line_1_30' title="bbox 142 3737 1135 3830; baseline 0.005 -24"><span class='ocrx_word' id='word_1_182' title='bbox 142 3761 227 3807; x_wconf 87' lang='lat' dir='ltr'><strong>cum</strong></span> <span class='ocrx_word' id='word_1_183' title='bbox 240 3737 373 3811; x_wconf 90' lang='lat' dir='ltr'><strong>sedens</strong></span> <span class='ocrx_word' id='word_1_184' title='bbox 384 3740 630 3812; x_wconf 90' lang='lat' dir='ltr'><strong>emulsionem</strong></span> <span class='ocrx_word' id='word_1_185' title='bbox 639 3739 805 3830; x_wconf 80' lang='lat' dir='ltr'><strong>biberet,</strong></span> <span class='ocrx_word' id='word_1_186' title='bbox 816 3740 979 3812; x_wconf 88' lang='lat' dir='ltr'><strong>adstanti</strong></span> <span class='ocrx_word' id='word_1_187' title='bbox 989 3740 1135 3826; x_wconf 85' lang='lat' dir='ltr'><strong>famulo,</strong></span> 
     </span>
     <span class='ocr_line' id='line_1_31' title="bbox 143 3858 1135 3959; baseline 0.005 -35"><span class='ocrx_word' id='word_1_188' title='bbox 143 3879 233 3952; x_wconf 90' lang='lat' dir='ltr'><strong>cape</strong></span> <span class='ocrx_word' id='word_1_189' title='bbox 251 3911 259 3945; x_wconf 85' lang='lat'>‚</span> <span class='ocrx_word' id='word_1_190' title='bbox 275 3858 398 3954; x_wconf 88' lang='lat' dir='ltr'><strong>inquit</strong></span> <span class='ocrx_word' id='word_1_191' title='bbox 416 3873 591 3956; x_wconf 84' lang='lat' dir='ltr'><strong>repente,</strong></span> <span class='ocrx_word' id='word_1_192' title='bbox 612 3859 787 3954; x_wconf 83' lang='lat' dir='ltr'><strong>cyathum</strong></span> <span class='ocrx_word' id='word_1_193' title='bbox 810 3860 1010 3959; x_wconf 87' lang='lat' dir='ltr'><strong>porrigens</strong></span> <span class='ocrx_word' id='word_1_194' title='bbox 1029 3883 1135 3958; x_wconf 89' lang='lat' dir='ltr'><strong>quem</strong></span> 
     </span>
    </p>
   </div>
   <div class='ocr_carea' id='block_1_3' title="bbox 0 0 1307 4514">
    <p class='ocr_par' dir='ltr' id='par_1_3' title="bbox 0 0 1307 4514">
     <span class='ocr_line' id='line_1_32' title="bbox 0 0 1307 4514; baseline 0 0"><span class='ocrx_word' id='word_1_195' title='bbox 0 0 1307 4514; x_wconf 95' lang='lat' dir='ltr'><strong> </strong></span> 
     </span>
    </p>
   </div>
  </div>
 </body>
</html>
