2580 4514
181 390 246 437 nn.
266 390 324 437 ιιι.
352 390 401 437 nr
425 388 561 437 nonnis
584 390 755 455 rrnrnts,
780 393 892 440 rrrsr.
913 396 1034 441 xxxrv.
1064 375 1133 448 285

131 556 156 575 -.
183 529 236 575 ιο.
267 504 320 601 Iis
348 502 469 575 allatis
494 501 711 575 indicatisve
739 505 1064 581 observationibus
1094 513 1134 582 in

131 621 272 721 quibus
296 620 565 694 intestinorum
592 621 743 693 dolores
761 646 781 693 a
802 647 911 695 causa
938 642 1045 697 erant
1064 627 1134 699 sub

120 722 262 815 §culos
277 738 455 828 cadente,
474 739 522 811 ad
540 750 606 812 eds
624 754 775 811 transeo
804 741 843 809 in
869 741 1007 837 quibus
1024 769 1134 818 causa

126 840 284 957 denitur
308 857 407 928 intra
425 880 571 954 corpus.
588 854 735 928 latebat.
759 855 816 927 Ab
839 857 883 927 iis
903 874 1025 929 autem
1043 863 1134 933 inci-

120 976 233 1075 piam
253 999 336 1072 quae
360 984 518 1073 propter
543 974 730 1045 vomitum
745 986 782 1045 et
800 972 1133 1052 inflammationem

124 1092 175 1167 ad
195 1116 261 1164 eas
279 1092 398 1189 magis
416 1091 721 1189 accedunt,'quae
732 1091 918 1163 hactenus
941 1093 1134 1194 descriptae

121 1224 229 1283 sunt.
251 1212 344 1280 Duae
360 1210 490 1307 primae
508 1208 555 1280 ad
574 1209 783 1281 Valsalvam
799 1224 978 1305 spectant.

175 1350 238 1399 αι.
262 1327 330 1398 Vir
348 1325 730 1425 gracilis,.ann0rum
752 1326 1048 1424 quinquaginta,
1084 1328 1134 1400 ob

120 1444 262 1545 plures
286 1446 325 1514 in
351 1442 620 1515 venationibus
648 1443 819 1530 labores,
848 1444 895 1514 de
921 1468 1059 1542 magno
1087 1446 1134 1517 ad

120 1576 263 1663 guttur
275 1577 314 1636 et
331 1576 463 1660 pectus
474 1563 598 1634 calore
613 1565 722 1660 queri
738 1563 861 1660 eoepit.
875 1564 942 1631 Hic
962 1562 1136 1649 caulese·

120 1704 218 1761 rens
242 1694 390 1777 partes,
410 1704 449 1751 se
463 1680 509 1751 ad
528 1679 679 1751 lumbos
692 1680 878 1777 prodidit,
906 1681 1072 1776 itemque
1091 1682 1132 1751 in

121 1812 279 1884 ventre,
297 1796 363 1869 ubi
381 1813 575 1896 pungente
594 1796 775 1893 adjuncto
789 1796 920 1868 dolore
938 1796 1134 1869 hominem

121 1914 226 1997 adeo
242 1912 421 2017 vexabat,
441 1930 548 1987 utne
565 1928 705 1986 tactum
733 1914 885 2011 quidem
907 1912 1029 1985 l'erret.
1056 1916 1134 1984 Pri·

119 2032 201 2121 mis
212 2054 357 2131 aegrum
376 2030 510 2105 diebus
528 2029 687 2131 frigidus
704 2033 807 2130 rigor
830 2031 1030 2103 invadebat
1052 2055 1133 2103 cre·

119 2148 247 2245 brius.
269 2149 411 2222 Diebus
429 2165 554 2221 autem
572 2153 742 2247 quinque
760 2164 824 2220 aut
843 2173 906 2221 sex
928 2164 1014 2220 ante
1030 2173 1135 2219 rnor-

124 2284 226 2359 tem,
248 2266 422 2340 volvulus
446 2269 603 2339 accessit
629 2293 715 2339 curn
741 2264 872 2339 foecum
905 2268 1129 2363 rejectione:

123 2388 197 2485 qui
224 2386 363 2459 sensim
388 2386 477 2484 regri
500 2387 598 2457 vires
624 2386 840 2473 atterendo,
863 2385 910 2456 ad
938 2364 1132 2457 interitum

125 2503 309 2603 perduxit
334 2504 435 2575 circa
462 2504 696 2600 trigesimum
729 2503 776 2574 ab
812 2502 993 2574 decubitu
1021 2502 1132 2574 diem.

125 2624 275 2695 Venter
304 2620 440 2719 plenus¹
474 2622 577 2691 sanie
609 2621 785 2692 inventus
816 2635 870 2691 est
896 2633 1020 2706 totus,
1051 2644 1134 2715 quae

127 2752 329 2817 omentum
344 2752 382 2809 et
395 2738 570 2810 intestina
588 2738 687 2809 inter
701 2762 740 2808 se
760 2737 1007 2833 colligaverat.
1020 2740 1136 2805 Erant

122 2854 209 2935 ,haec
227 2855 337 2927 valde
350 2853 601 2953 inflammaflr,
622 2871 664 2925 ut
680 2857 789 2950 jecur
810 2877 963 2950 quoque
985 2868 1022 2922 et
1040 2852 1134 2939 lien,

123 2996 246 3073 quem
263 2972 375 3045 altius
389 2995 477 3043 sane
496 2997 611 3070 quam
625 2973 735 3068 jecur
756 2969 1000 3041 inflammatio
1022 2991 1136 3039 occu·

129 3105 295 3191 paverat.
307 3093 388 3162 Ren
401 3090 551 3161 sinister
565 3089 634 3162 sub
647 3091 794 3160 interna
808 3087 1043 3176 membrana,
1056 3110 1135 3159 non

130 3208 240 3279 omni
254 3221 381 3279 tamen
398 3232 444 3279 ex
461 3220 587 3304 parte,
604 3205 762 3278 effusum
777 3207 1000 3304 sanguinem
1017 3206 1136 3276 conti·

124 3324 258 3399 nebat.
275 3327 321 3395 In
345 3340 500 3396 omento
527 3339 563 3396 et
586 3325 626 3394 in
646 3324 765 3396 limbo
789 3323 1020 3410 mesenterii,
1045 3346 1136 3421 prae-

132 3441 264 3515 sertim
277 3439 346 3511 ubi
360 3465 448 3515 cum
463 3442 644 3514 intestino
662 3442 747 3512 colo
763 3438 1004 3527 nectebatur,
1027 3439 1137 3509 inulti

132 3560 240 3657 parvi
252 3557 446 3631 abscessus
469 3574 507 3631 et
522 3558 715 3630 ulcuscula
730 3555 1134 3628 animadvertebantur.

184 3704 243 3749 22.
264 3680 358 3747 Cum
383 3678 548 3775 primum
576 3675 770 3747 abscessus
791 3672 874 3746 fieri
901 3676 1015 3772 coepti
1031 3689 1138 3761 sunt,

134 3793 378 3867 incommoda
409 3819 488 3865 non
506 3809 677 3865 ventrem
698 3790 833 3881 modo,
853 3791 919 3863 sed
936 3806 974 3863 et
989 3788 1140 3861 lumbos
1245 3874 1248 3879 Ι

139 3936 216 4009 quo
231 3936 271 3984 se
288 3912 554 3984 mesenterium
571 3911 717 4008 alligat,
733 3907 960 3981 afficiebant.
978 3906 1053 3979 Ubi
1068 3906 1142 3978 illis
