2580 4514
253 367 324 452 4¹4
417 385 466 431 uu
490 381 635 431 srnrrus
660 382 705 429 rr
729 380 854 431 crusis
878 378 1092 432 uoruorurr

141 490 146 500 ¹
251 503 370 576 cenda
394 499 675 573 observationes
703 495 930 587 ostendunt,
959 513 1045 570 tum
1068 503 1225 599 propositi
1265 496 1283 539 ⁸

252 622 447 695 evidenter
459 615 665 690 confirmat.
685 617 815 712 Neque
838 615 877 686 id
895 617 1041 688 mirum
1066 621 1229 693 atteudeu·
1273 607 1283 677 l

252 739 369 818 tibus,
380 751 565 834 quantum
578 756 666 803 curn
681 733 796 803 animi
810 733 1165 830 perturbationibus
1176 763 1235 810 uer·

253 859 291 926 vi
307 854 563 939 consentiant,
584 866 621 922 et
640 866 825 947 quantum
844 850 961 922 iidem
985 852 1141 927 valeant
1156 857 1237 927 neni

253 975 293 1044 in
320 969 525 1044 afficiendis
548 966 785 1067 sanguiieris,
800 983 837 1040 et
853 971 1239 1060 excretoriisvasis,u

252 1094 293 1162 in
320 1089 524 1163 secretorio
545 1088 628 1185 ipso
656 1089 810 1175 intimo,
840 1087 953 1184 quale
981 1088 1242 1189 idcumquesit
1282 1100 1284 1157 l

254 1233 419 1308 organo,
440 1222 477 1278 et
493 1204 597 1304 quod
622 1206 887 1302 consequitur,
912 1207 953 1275 in
977 1202 1190 1279 humorum
1206 1230 1244 1279 se·

254 1325 487 1399 cretionibus
513 1338 550 1395 et
575 1321 855 1394 excretionibus
875 1323 1063 1401 vitiandis
1086 1341 1126 1399 et
1145 1326 1246 1424 irnpe-

253 1444 410 1516 dieudis.
442 1444 572 1539 Cogita
591 1440 629 1510 in
648 1438 872 1537 quibusdam
893 1442 1016 1539 magis
1047 1444 1245 1515 consentire

254 1587 391 1635 nervos
405 1560 618 1659 hepaticus,
637 1573 702 1629 aut
721 1582 750 1628 ει
740 1557 827 1628 alii
840 1558 952 1629 etiam
973 1563 1092 1633 nervi
1109 1552 1247 1635 consen·

252 1682 366 1767 tiant,
380 1675 522 1749 facilius
536 1691 662 1748 tamen
679 1677 717 1745 in
737 1677 847 1747 certis
863 1676 1107 1774 corporibus
1120 1678 1246 1779 bepstis

235 1820 340 1869 'vasa
352 1790 415 1884 *et
432 1795 674 1866 secretorium
695 1817 878 1890 organum
895 1818 1111 1869 nervorum
1129 1798 1247 1871 actioni

255 1914 414 2001 cedere3
434 1927 470 1984 et
484 1937 553 1984 cur
568 1914 606 1983 in
625 1913 671 1983 iis
688 1913 830 1982 oriatur
848 1913 992 1985 icterus
1011 1913 1067 1986 ab
1084 1913 1246 1987 animiai·

254 2030 434 2119 lectibus,
453 2031 634 2102 continuo
650 2029 845 2128 intelliges.
866 2032 924 2100 Sic
940 2030 1051 2129 apud
1063 2030 1245 2107 floffmu-

254 2173 348 2219 num
364 2148 419 2246 (r)
439 2148 486 2219 de
512 2145 651 2218 femina
669 2146 790 2244 leges,
821 2148 881 2219 cui
907 2155 1061 2245 quoties
1088 2150 1141 2223 ob
1161 2174 1245 2251 pm*

252 2292 417 2364 gressum
441 2270 561 2336 animi
579 2271 909 2337 commotionem...
923 2270 1017 2338 noui
1034 2268 1248 2342 accedebant

256 2382 410 2456 insultus
423 2383 601 2476 febriles,
623 2388 797 2480 protinus
820 2387 953 2454 icterus
981 2406 1073 2458 cum
1100 2387 1247 2460 ombus

253 2495 507 2575 revertebatur
514 2501 832 2599 symptomatibus.
847 2498 959 2591 Quod
971 2502 1005 2573 si
1017 2502 1247 2579 addaseeru

253 2621 445 2719 sanguinis
469 2633 534 2690 aut
565 2618 727 2688 materiae
755 2617 842 2690 bilis
863 2616 977 2690 abeo
997 2622 1248 2709 secernenda,

253 2753 317 2809 aut
350 2739 537 2809 viscerum
570 2750 791 2807 caeterorum
828 2735 1131 2834 dispositiones,
1160 2755 1247 2817 tauto

252 2855 370 2954 magis
389 2869 425 2926 et
450 2876 530 2925 rem
550 2852 755 2950 intelliges,
772 2869 809 2925 et
824 2856 1012 2952 originem
1031 2874 1247 2960 symptom-

253 2989 333 3044 tum
359 2972 683 3070 gravissimorum,
711 2996 794 3068 quae
819 2972 1014 3045 interdum
1032 2976 1085 3049 ad
1107 2980 1247 3052 ierem

252 3089 460 3177 accedunt,
481 3104 518 3161 et
532 3103 692 3160 mortem
712 3087 876 3162 afferunt
891 3092 1084 3189 opinione
1108 3097 1247 3169 celeriu-

251 3232 342 3278 rem.
359 3212 444 3278 Haec
460 3206 578 3278 ferme
595 3209 721 3278 omnia
734 3224 775 3279 ut
788 3209 828 3279 in
846 3212 1045 3307 proposita
1055 3214 1248 3289 sacerdotis

253 3324 514 3397 observatione
543 3326 799 3422 agnoscimus,
823 3326 873 3397 ita
905 3330 1099 3428 exemplis
1130 3352 1246 3431 magns

251 3457 420 3540 exparte
445 3466 524 3543 uon
552 3442 787 3514 absimilibus
812 3441 1059 3520 illustremus.
1088 3450 1245 3542 Quorum

250 3561 417 3658 primum
447 3558 560 3631 nobis
586 3560 764 3631 Bononiae
789 3558 1040 3659 degentibus;
1065 3565 1124 3640 ibi
1143 3571 1247 3653 enin,

254 3782 384 3796 ,1-

288 3940 332 4016 (ι)
353 3942 463 4000 Medic.
479 3952 535 3998 rut.
550 3953 622 3999 tom.
637 3947 671 4011 t,
684 3960 715 4018 p.
731 3948 762 4014 t,
777 3962 802 4001 c.
819 3961 875 4014 12,
891 3944 958 4002 obs.
976 3943 1004 4002 5.
