<?xml version="1.0" encoding="UTF-8"?>
<!DOCTYPE html PUBLIC "-//W3C//DTD XHTML 1.0 Transitional//EN"
    "http://www.w3.org/TR/xhtml1/DTD/xhtml1-transitional.dtd">
<html xmlns="http://www.w3.org/1999/xhtml" xml:lang="en" lang="en">
 <head>
  <title>
</title>
<meta http-equiv="Content-Type" content="text/html;charset=utf-8" />
  <meta name='ocr-system' content='tesseract 3.04.00' />
  <meta name='ocr-capabilities' content='ocr_page ocr_carea ocr_par ocr_line ocrx_word'/>
</head>
<body>
  <div class='ocr_page' id='page_1' title='image "./desedibusetcaus00adelgoog_0465.png"; bbox 0 0 2580 4514; ppageno 0'>
   <div class='ocr_carea' id='block_1_1' title="bbox 136 327 1022 446">
    <p class='ocr_par' dir='ltr' id='par_1_1' title="bbox 136 327 1022 446">
     <span class='ocr_line' id='line_1_1' title="bbox 136 327 1022 446; baseline 0 -29"><span class='ocrx_word' id='word_1_1' title='bbox 136 352 208 444; x_wconf 70' lang='lat'><em>470</em></span> <span class='ocrx_word' id='word_1_2' title='bbox 261 360 350 415; x_wconf 59' lang='lat' dir='ltr'><em>uun</em></span> <span class='ocrx_word' id='word_1_3' title='bbox 375 363 521 414; x_wconf 76' lang='lat' dir='ltr'><em>sumnus</em></span> <span class='ocrx_word' id='word_1_4' title='bbox 546 367 590 413; x_wconf 71' lang='lat' dir='ltr'><em>aa</em></span> <span class='ocrx_word' id='word_1_5' title='bbox 615 365 738 414; x_wconf 77' lang='lat' dir='ltr'><em>ctus1s</em></span> <span class='ocrx_word' id='word_1_6' title='bbox 763 327 982 417; x_wconf 75' lang='lat' dir='ltr'><strong>uonnouuu</strong></span> <span class='ocrx_word' id='word_1_7' title='bbox 1017 438 1022 446; x_wconf 25' lang='lat'><strong>¹</strong></span> 
     </span>
    </p>
   </div>
   <div class='ocr_carea' id='block_1_2' title="bbox 51 476 1147 2588">
    <p class='ocr_par' dir='ltr' id='par_1_2' title="bbox 136 476 1129 696">
     <span class='ocr_line' id='line_1_2' title="bbox 136 476 1129 578; baseline 0 -23"><span class='ocrx_word' id='word_1_8' title='bbox 136 485 228 570; x_wconf 89' lang='lat' dir='ltr'><em>etsi,</em></span> <span class='ocrx_word' id='word_1_9' title='bbox 243 481 417 578; x_wconf 88' lang='lat' dir='ltr'><strong>inquam,</strong></span> <span class='ocrx_word' id='word_1_10' title='bbox 436 478 515 551; x_wconf 84' lang='lat' dir='ltr'><em>haec</em></span> <span class='ocrx_word' id='word_1_11' title='bbox 532 503 662 577; x_wconf 87' lang='lat' dir='ltr'><em>posses</em></span> <span class='ocrx_word' id='word_1_12' title='bbox 678 476 836 553; x_wconf 87' lang='lat' dir='ltr'><em>fortasse</em></span> <span class='ocrx_word' id='word_1_13' title='bbox 851 481 1009 574; x_wconf 81' lang='lat' dir='ltr'><em>dicere3</em></span> <span class='ocrx_word' id='word_1_14' title='bbox 1028 482 1129 555; x_wconf 84' lang='lat' dir='ltr'><strong>nolin</strong></span> 
     </span>
     <span class='ocr_line' id='line_1_3' title="bbox 136 595 856 696; baseline -0.004 -24"><span class='ocrx_word' id='word_1_15' title='bbox 136 614 279 690; x_wconf 87' lang='lat' dir='ltr'><em>tamen,</em></span> <span class='ocrx_word' id='word_1_16' title='bbox 297 613 332 669; x_wconf 91' lang='lat' dir='ltr'><em>te</em></span> <span class='ocrx_word' id='word_1_17' title='bbox 350 597 462 668; x_wconf 89' lang='lat' dir='ltr'><em>nimis</em></span> <span class='ocrx_word' id='word_1_18' title='bbox 480 595 599 668; x_wconf 89' lang='lat' dir='ltr'><strong>videri</strong></span> <span class='ocrx_word' id='word_1_19' title='bbox 613 597 856 696; x_wconf 77' lang='lat' dir='ltr'><strong>suspicacem,</strong></span> 
     </span>
    </p>

    <p class='ocr_par' dir='ltr' id='par_1_3' title="bbox 51 712 1147 2588">
     <span class='ocr_line' id='line_1_4' title="bbox 187 712 1133 812; baseline 0.001 -24"><span class='ocrx_word' id='word_1_20' title='bbox 187 715 243 788; x_wconf 81' lang='lat'><em>25.</em></span> <span class='ocrx_word' id='word_1_21' title='bbox 262 719 385 812; x_wconf 81' lang='lat' dir='ltr'><strong>Atque</strong></span> <span class='ocrx_word' id='word_1_22' title='bbox 402 715 545 785; x_wconf 85' lang='lat' dir='ltr'><strong>utinam</strong></span> <span class='ocrx_word' id='word_1_23' title='bbox 564 712 612 784; x_wconf 91' lang='lat' dir='ltr'><em>ad</em></span> <span class='ocrx_word' id='word_1_24' title='bbox 632 715 791 811; x_wconf 87' lang='lat' dir='ltr'><em>cysticos</em></span> <span class='ocrx_word' id='word_1_25' title='bbox 811 715 860 788; x_wconf 88' lang='lat' dir='ltr'><em>ab</em></span> <span class='ocrx_word' id='word_1_26' title='bbox 880 715 1133 789; x_wconf 83' lang='lat' dir='ltr'><em>intestinorum</em></span> 
     </span>
     <span class='ocr_line' id='line_1_5' title="bbox 142 831 1135 935; baseline 0.001 -29"><span class='ocrx_word' id='word_1_27' title='bbox 142 833 294 906; x_wconf 85' lang='lat' dir='ltr'><strong>calculis</strong></span> <span class='ocrx_word' id='word_1_28' title='bbox 317 831 654 935; x_wconf 71' lang='lat' dir='ltr'><em>internascendos,</em></span> <span class='ocrx_word' id='word_1_29' title='bbox 673 848 715 903; x_wconf 89' lang='lat' dir='ltr'><em>ut</em></span> <span class='ocrx_word' id='word_1_30' title='bbox 740 857 828 905; x_wconf 84' lang='lat' dir='ltr'><em>sane</em></span> <span class='ocrx_word' id='word_1_31' title='bbox 845 834 957 907; x_wconf 89' lang='lat' dir='ltr'><strong>utilia</strong></span> <span class='ocrx_word' id='word_1_32' title='bbox 977 851 1081 924; x_wconf 84' lang='lat' dir='ltr'><em>sunt,</em></span> <span class='ocrx_word' id='word_1_33' title='bbox 1093 836 1135 908; x_wconf 86' lang='lat' dir='ltr'><em>ita</em></span> 
     </span>
     <span class='ocr_line' id='line_1_6' title="bbox 138 951 1134 1050; baseline -0.003 -25"><span class='ocrx_word' id='word_1_34' title='bbox 138 954 224 1025; x_wconf 84' lang='lat' dir='ltr'><em>satis</em></span> <span class='ocrx_word' id='word_1_35' title='bbox 235 952 394 1021; x_wconf 87' lang='lat' dir='ltr'><em>omniuo</em></span> <span class='ocrx_word' id='word_1_36' title='bbox 405 965 623 1049; x_wconf 86' lang='lat' dir='ltr'><em>essentquae</em></span> <span class='ocrx_word' id='word_1_37' title='bbox 634 951 781 1023; x_wconf 89' lang='lat' dir='ltr'><em>censuit</em></span> <span class='ocrx_word' id='word_1_38' title='bbox 790 951 1134 1050; x_wconf 57' lang='lat' dir='ltr'><em>Reverhorstiudi).</em></span> 
     </span>
     <span class='ocr_line' id='line_1_7' title="bbox 51 1066 1135 1167; baseline 0 -25"><span class='ocrx_word' id='word_1_39' title='bbox 51 1113 56 1124; x_wconf 83' lang='lat'>.</span> <span class='ocrx_word' id='word_1_40' title='bbox 138 1071 267 1142; x_wconf 85' lang='lat' dir='ltr'><em>Proba</em></span> <span class='ocrx_word' id='word_1_41' title='bbox 287 1069 422 1140; x_wconf 70' lang='lat' dir='ltr'><em>luorum</em></span> <span class='ocrx_word' id='word_1_42' title='bbox 439 1066 849 1167; x_wconf 82' lang='lat' dir='ltr'><em>calculorum‚inquit‚</em></span> <span class='ocrx_word' id='word_1_43' title='bbox 864 1069 910 1140; x_wconf 88' lang='lat' dir='ltr'><em>id</em></span> <span class='ocrx_word' id='word_1_44' title='bbox 926 1085 1003 1160; x_wconf 87' lang='lat' dir='ltr'><em>est,</em></span> <span class='ocrx_word' id='word_1_45' title='bbox 1021 1096 1071 1142; x_wconf 84' lang='lat' dir='ltr'><em>an</em></span> <span class='ocrx_word' id='word_1_46' title='bbox 1088 1095 1135 1142; x_wconf 83' lang='lat' dir='ltr'><em>re·</em></span> 
     </span>
     <span class='ocr_line' id='line_1_8' title="bbox 140 1184 1139 1288; baseline -0.003 -27"><span class='ocrx_word' id='word_1_47' title='bbox 140 1215 227 1262; x_wconf 79' lang='lat' dir='ltr'><em>veru</em></span> <span class='ocrx_word' id='word_1_48' title='bbox 239 1185 375 1258; x_wconf 86' lang='lat' dir='ltr'><em>calculi</em></span> <span class='ocrx_word' id='word_1_49' title='bbox 389 1212 438 1257; x_wconf 78' lang='lat' dir='ltr'><em>ex</em></span> <span class='ocrx_word' id='word_1_50' title='bbox 449 1192 576 1259; x_wconf 82' lang='lat' dir='ltr'><em>vesica</em></span> <span class='ocrx_word' id='word_1_51' title='bbox 579 1184 706 1278; x_wconf 85' lang='lat' dir='ltr'><em>fellea</em></span> <span class='ocrx_word' id='word_1_52' title='bbox 717 1193 792 1258; x_wconf 87' lang='lat' dir='ltr'><em>sint</em></span> <span class='ocrx_word' id='word_1_53' title='bbox 804 1241 814 1275; x_wconf 85' lang='lat'><strong>,</strong></span> <span class='ocrx_word' id='word_1_54' title='bbox 827 1212 968 1277; x_wconf 85' lang='lat' dir='ltr'><em>necne,</em></span> <span class='ocrx_word' id='word_1_55' title='bbox 984 1187 1139 1288; x_wconf 81' lang='lat' dir='ltr'><em>estquod</em></span> 
     </span>
     <span class='ocr_line' id='line_1_9' title="bbox 138 1307 1137 1404; baseline -0.003 -22"><span class='ocrx_word' id='word_1_56' title='bbox 138 1310 180 1382; x_wconf 80' lang='lat' dir='ltr'><em>iu·</em></span> <span class='ocrx_word' id='word_1_57' title='bbox 191 1307 332 1381; x_wconf 88' lang='lat' dir='ltr'><em>calculi</em></span> <span class='ocrx_word' id='word_1_58' title='bbox 351 1314 429 1404; x_wconf 80' lang='lat' dir='ltr'><em>igni</em></span> <span class='ocrx_word' id='word_1_59' title='bbox 444 1308 594 1379; x_wconf 85' lang='lat' dir='ltr'><em>admoti</em></span> <span class='ocrx_word' id='word_1_60' title='bbox 590 1310 794 1404; x_wconf 76' lang='lat' dir='ltr'><em>flammam</em></span> <span class='ocrx_word' id='word_1_61' title='bbox 810 1334 889 1380; x_wconf 85' lang='lat' dir='ltr'><em>non</em></span> <span class='ocrx_word' id='word_1_62' title='bbox 904 1324 1137 1382; x_wconf 86' lang='lat' dir='ltr'><em>tantumcon·</em></span> 
     </span>
     <span class='ocr_line' id='line_1_10' title="bbox 140 1425 1139 1527; baseline -0.004 -27"><span class='ocrx_word' id='word_1_63' title='bbox 140 1433 303 1527; x_wconf 62' lang='lat' dir='ltr'><em>emicunt,</em></span> <span class='ocrx_word' id='word_1_64' title='bbox 332 1425 401 1497; x_wconf 88' lang='lat' dir='ltr'><em>sed</em></span> <span class='ocrx_word' id='word_1_65' title='bbox 421 1440 459 1496; x_wconf 85' lang='lat' dir='ltr'><em>et</em></span> <span class='ocrx_word' id='word_1_66' title='bbox 483 1432 521 1496; x_wconf 88' lang='lat' dir='ltr'><em>in</em></span> <span class='ocrx_word' id='word_1_67' title='bbox 545 1450 687 1524; x_wconf 85' lang='lat' dir='ltr'><em>uquam</em></span> <span class='ocrx_word' id='word_1_68' title='bbox 698 1429 868 1525; x_wconf 83' lang='lat' dir='ltr'><em>projecti</em></span> <span class='ocrx_word' id='word_1_69' title='bbox 890 1432 1048 1500; x_wconf 84' lang='lat' dir='ltr'><em>minime</em></span> <span class='ocrx_word' id='word_1_70' title='bbox 1059 1427 1139 1520; x_wconf 79' lang='lat' dir='ltr'><em>fim-</em></span> 
     </span>
     <span class='ocr_line' id='line_1_11' title="bbox 140 1543 1141 1643; baseline 0 -27"><span class='ocrx_word' id='word_1_71' title='bbox 140 1545 393 1643; x_wconf 64' lang='lat' dir='ltr'><em>dampnant,</em></span> <span class='ocrx_word' id='word_1_72' title='bbox 413 1544 482 1616; x_wconf 88' lang='lat' dir='ltr'><em>sed</em></span> <span class='ocrx_word' id='word_1_73' title='bbox 498 1543 618 1615; x_wconf 89' lang='lat' dir='ltr'><em>eidem</em></span> <span class='ocrx_word' id='word_1_74' title='bbox 635 1559 880 1642; x_wconf 78' lang='lat' dir='ltr'><em>supernatent</em></span> <span class='ocrx_word' id='word_1_75' title='bbox 892 1560 1059 1643; x_wconf 84' lang='lat' dir='ltr'><em>propter</em></span> <span class='ocrx_word' id='word_1_76' title='bbox 1074 1544 1141 1618; x_wconf 74' lang='lat' dir='ltr'><em>bilis</em></span> 
     </span>
     <span class='ocr_line' id='line_1_12' title="bbox 132 1661 1141 1762; baseline 0.003 -31"><span class='ocrx_word' id='word_1_77' title='bbox 132 1662 346 1762; x_wconf 86' lang='lat' dir='ltr'><em>particulas</em></span> <span class='ocrx_word' id='word_1_78' title='bbox 363 1662 526 1748; x_wconf 88' lang='lat' dir='ltr'><em>oleosas,</em></span> <span class='ocrx_word' id='word_1_79' title='bbox 542 1661 612 1733; x_wconf 76' lang='lat' dir='ltr'><em>lios</em></span> <span class='ocrx_word' id='word_1_80' title='bbox 622 1661 775 1760; x_wconf 78' lang='lat' dir='ltr'><em>lapillos</em></span> <span class='ocrx_word' id='word_1_81' title='bbox 787 1677 1068 1761; x_wconf 73' lang='lat' dir='ltr'><em>componentes.</em></span> <span class='ocrx_word' id='word_1_82' title='bbox 1084 1666 1141 1734; x_wconf 82' lang='lat' dir='ltr'><em>Vc·</em></span> 
     </span>
     <span class='ocr_line' id='line_1_13' title="bbox 139 1779 1141 1879; baseline 0.003 -30"><span class='ocrx_word' id='word_1_83' title='bbox 139 1803 224 1849; x_wconf 85' lang='lat' dir='ltr'><em>rum</em></span> <span class='ocrx_word' id='word_1_84' title='bbox 241 1794 281 1849; x_wconf 94' lang='lat' dir='ltr'><em>ut</em></span> <span class='ocrx_word' id='word_1_85' title='bbox 304 1779 350 1850; x_wconf 92' lang='lat' dir='ltr'><em>de</em></span> <span class='ocrx_word' id='word_1_86' title='bbox 377 1781 517 1851; x_wconf 81' lang='lat' dir='ltr'><em>caeteris</em></span> <span class='ocrx_word' id='word_1_87' title='bbox 533 1779 675 1851; x_wconf 87' lang='lat' dir='ltr'><strong>bilariis</strong></span> <span class='ocrx_word' id='word_1_88' title='bbox 701 1780 851 1852; x_wconf 86' lang='lat' dir='ltr'><strong>calculis</strong></span> <span class='ocrx_word' id='word_1_89' title='bbox 866 1779 933 1852; x_wconf 90' lang='lat' dir='ltr'><em>hic</em></span> <span class='ocrx_word' id='word_1_90' title='bbox 952 1804 1039 1852; x_wconf 86' lang='lat' dir='ltr'><em>non</em></span> <span class='ocrx_word' id='word_1_91' title='bbox 1056 1804 1141 1879; x_wconf 78' lang='lat' dir='ltr'><em>que·</em></span> 
     </span>
     <span class='ocr_line' id='line_1_14' title="bbox 142 1896 1142 1997; baseline 0 -29"><span class='ocrx_word' id='word_1_92' title='bbox 142 1922 221 1968; x_wconf 88' lang='lat' dir='ltr'><em>ram</em></span> <span class='ocrx_word' id='word_1_93' title='bbox 247 1922 295 1966; x_wconf 84' lang='lat' dir='ltr'><em>an</em></span> <span class='ocrx_word' id='word_1_94' title='bbox 323 1899 375 1968; x_wconf 87' lang='lat' dir='ltr'><em>sic</em></span> <span class='ocrx_word' id='word_1_95' title='bbox 402 1922 423 1966; x_wconf 89' lang='lat' dir='ltr'><strong>a</strong></span> <span class='ocrx_word' id='word_1_96' title='bbox 446 1898 592 1994; x_wconf 88' lang='lat' dir='ltr'><em>cysticis</em></span> <span class='ocrx_word' id='word_1_97' title='bbox 624 1896 922 1997; x_wconf 79' lang='lat' dir='ltr'><strong>distinguantur3</strong></span> <span class='ocrx_word' id='word_1_98' title='bbox 948 1914 1054 1972; x_wconf 86' lang='lat' dir='ltr'><em>certe</em></span> <span class='ocrx_word' id='word_1_99' title='bbox 1072 1896 1142 1970; x_wconf 88' lang='lat' dir='ltr'><strong>Bid-</strong></span> 
     </span>
     <span class='ocr_line' id='line_1_15' title="bbox 145 2013 1142 2113; baseline 0.006 -27"><span class='ocrx_word' id='word_1_100' title='bbox 145 2015 230 2087; x_wconf 91' lang='lat' dir='ltr'><em>lous</em></span> <span class='ocrx_word' id='word_1_101' title='bbox 241 2014 296 2110; x_wconf 81' lang='lat' dir='ltr'><em>(a)</em></span> <span class='ocrx_word' id='word_1_102' title='bbox 315 2039 401 2086; x_wconf 86' lang='lat' dir='ltr'><em>cum</em></span> <span class='ocrx_word' id='word_1_103' title='bbox 418 2016 548 2111; x_wconf 88' lang='lat' dir='ltr'><strong>paucis</strong></span> <span class='ocrx_word' id='word_1_104' title='bbox 564 2029 650 2113; x_wconf 91' lang='lat' dir='ltr'><em>post</em></span> <span class='ocrx_word' id='word_1_105' title='bbox 676 2017 785 2087; x_wconf 89' lang='lat' dir='ltr'><strong>annis</strong></span> <span class='ocrx_word' id='word_1_106' title='bbox 802 2013 1009 2106; x_wconf 83' lang='lat' dir='ltr'><strong>scriberet,</strong></span> <span class='ocrx_word' id='word_1_107' title='bbox 1036 2014 1142 2092; x_wconf 76' lang='lat' dir='ltr'><strong>culcu-</strong></span> 
     </span>
     <span class='ocr_line' id='line_1_16' title="bbox 145 2124 1141 2233; baseline 0.003 -31"><span class='ocrx_word' id='word_1_108' title='bbox 145 2133 202 2203; x_wconf 91' lang='lat' dir='ltr'><em>los</em></span> <span class='ocrx_word' id='word_1_109' title='bbox 215 2159 265 2205; x_wconf 79' lang='lat' dir='ltr'><em>ex</em></span> <span class='ocrx_word' id='word_1_110' title='bbox 288 2133 361 2205; x_wconf 87' lang='lat' dir='ltr'><em>bile</em></span> <span class='ocrx_word' id='word_1_111' title='bbox 375 2132 555 2204; x_wconf 85' lang='lat' dir='ltr'><em>oriundos</em></span> <span class='ocrx_word' id='word_1_112' title='bbox 573 2124 681 2231; x_wconf 67' lang='lat' dir='ltr'><em>u&#39;quis</em></span> <span class='ocrx_word' id='word_1_113' title='bbox 693 2139 890 2223; x_wconf 84' lang='lat' dir='ltr'><em>innatare,</em></span> <span class='ocrx_word' id='word_1_114' title='bbox 912 2148 1035 2233; x_wconf 81' lang='lat' dir='ltr'><em>atque</em></span> <span class='ocrx_word' id='word_1_115' title='bbox 1052 2141 1141 2232; x_wconf 78' lang='lat' dir='ltr'><em>igne,</em></span> 
     </span>
     <span class='ocr_line' id='line_1_17' title="bbox 142 2250 1142 2349; baseline 0.001 -28"><span class='ocrx_word' id='word_1_116' title='bbox 142 2253 403 2347; x_wconf 84' lang='lat' dir='ltr'><em>cujuscumque</em></span> <span class='ocrx_word' id='word_1_117' title='bbox 413 2256 487 2320; x_wconf 87' lang='lat' dir='ltr'><em>sint</em></span> <span class='ocrx_word' id='word_1_118' title='bbox 502 2250 639 2321; x_wconf 85' lang='lat' dir='ltr'><em>coloris</em></span> <span class='ocrx_word' id='word_1_119' title='bbox 649 2253 805 2348; x_wconf 79' lang='lat' dir='ltr'><em>,figuroe</em></span> <span class='ocrx_word' id='word_1_120' title='bbox 816 2267 854 2322; x_wconf 84' lang='lat' dir='ltr'><em>et</em></span> <span class='ocrx_word' id='word_1_121' title='bbox 871 2253 1142 2349; x_wconf 80' lang='lat' dir='ltr'><em>magnitudinis,</em></span> 
     </span>
     <span class='ocr_line' id='line_1_18' title="bbox 142 2366 1147 2460; baseline 0 -21"><span class='ocrx_word' id='word_1_122' title='bbox 142 2366 411 2439; x_wconf 81' lang='lat' dir='ltr'><em>comburendos</em></span> <span class='ocrx_word' id='word_1_123' title='bbox 422 2373 599 2454; x_wconf 75' lang='lat' dir='ltr'><em>existere,</em></span> <span class='ocrx_word' id='word_1_124' title='bbox 623 2370 806 2441; x_wconf 89' lang='lat' dir='ltr'><strong>continuo</strong></span> <span class='ocrx_word' id='word_1_125' title='bbox 824 2368 901 2441; x_wconf 85' lang='lat' dir='ltr'><em>haec</em></span> <span class='ocrx_word' id='word_1_126' title='bbox 920 2370 1095 2460; x_wconf 87' lang='lat' dir='ltr'><strong>addidit,</strong></span> <span class='ocrx_word' id='word_1_127' title='bbox 1112 2382 1147 2440; x_wconf 88' lang='lat' dir='ltr'><em>ut</em></span> 
     </span>
     <span class='ocr_line' id='line_1_19' title="bbox 138 2473 1147 2588; baseline 0.006 -33"><span class='ocrx_word' id='word_1_128' title='bbox 138 2484 344 2583; x_wconf 76' lang='lat' dir='ltr'><em>pinninum</em></span> <span class='ocrx_word' id='word_1_129' title='bbox 373 2502 535 2556; x_wconf 85' lang='lat' dir='ltr'><em>autem:</em></span> <span class='ocrx_word' id='word_1_130' title='bbox 565 2511 680 2583; x_wconf 87' lang='lat' dir='ltr'><em>quam</em></span> <span class='ocrx_word' id='word_1_131' title='bbox 707 2487 943 2559; x_wconf 83' lang='lat' dir='ltr'><em>additionem</em></span> <span class='ocrx_word' id='word_1_132' title='bbox 976 2473 1029 2560; x_wconf 83' lang='lat' dir='ltr'><em>an</em></span> <span class='ocrx_word' id='word_1_133' title='bbox 1057 2489 1147 2588; x_wconf 79' lang='lat' dir='ltr'><em>quis·</em></span> 
     </span>
    </p>
   </div>
   <div class='ocr_carea' id='block_1_3' title="bbox 24 2603 1148 2702">
    <p class='ocr_par' dir='ltr' id='par_1_4' title="bbox 24 2603 1148 2702">
     <span class='ocr_line' id='line_1_20' title="bbox 24 2603 1148 2702; baseline 0.002 -27"><span class='ocrx_word' id='word_1_134' title='bbox 24 2687 25 2690; x_wconf 8' lang='grc' dir='ltr'><strong>Ἴ</strong></span> <span class='ocrx_word' id='word_1_135' title='bbox 143 2627 258 2701; x_wconf 85' lang='lat' dir='ltr'><em>quam</em></span> <span class='ocrx_word' id='word_1_136' title='bbox 274 2604 321 2676; x_wconf 91' lang='lat' dir='ltr'><em>de</em></span> <span class='ocrx_word' id='word_1_137' title='bbox 335 2604 463 2676; x_wconf 85' lang='lat' dir='ltr'><em>multis</em></span> <span class='ocrx_word' id='word_1_138' title='bbox 480 2603 542 2674; x_wconf 87' lang='lat' dir='ltr'><strong>illa</strong></span> <span class='ocrx_word' id='word_1_139' title='bbox 557 2607 638 2701; x_wconf 89' lang='lat' dir='ltr'><em>ejus</em></span> <span class='ocrx_word' id='word_1_140' title='bbox 649 2604 764 2677; x_wconf 87' lang='lat' dir='ltr'><strong>verba</strong></span> <span class='ocrx_word' id='word_1_141' title='bbox 781 2605 1089 2702; x_wconf 84' lang='lat' dir='ltr'><strong>producentibus</strong></span> <span class='ocrx_word' id='word_1_142' title='bbox 1098 2619 1148 2678; x_wconf 89' lang='lat' dir='ltr'><em>aut</em></span> 
     </span>
    </p>
   </div>
   <div class='ocr_carea' id='block_1_4' title="bbox 92 2721 1149 3525">
    <p class='ocr_par' dir='ltr' id='par_1_5' title="bbox 92 2721 1149 3525">
     <span class='ocr_line' id='line_1_21' title="bbox 144 2721 1148 2815; baseline 0.005 -26"><span class='ocrx_word' id='word_1_143' title='bbox 144 2721 401 2793; x_wconf 86' lang='lat' dir='ltr'><strong>indicantibus</strong></span> <span class='ocrx_word' id='word_1_144' title='bbox 413 2721 740 2811; x_wconf 85' lang='lat' dir='ltr'><em>animadverterit,</em></span> <span class='ocrx_word' id='word_1_145' title='bbox 758 2723 860 2794; x_wconf 87' lang='lat' dir='ltr'><strong>haud</strong></span> <span class='ocrx_word' id='word_1_146' title='bbox 877 2724 967 2796; x_wconf 89' lang='lat' dir='ltr'><em>satis</em></span> <span class='ocrx_word' id='word_1_147' title='bbox 980 2726 1084 2815; x_wconf 89' lang='lat' dir='ltr'><strong>sci0;</strong></span> <span class='ocrx_word' id='word_1_148' title='bbox 1099 2746 1148 2794; x_wconf 87' lang='lat' dir='ltr'><em>me</em></span> 
     </span>
     <span class='ocr_line' id='line_1_22' title="bbox 144 2836 1148 2940; baseline 0.003 -31"><span class='ocrx_word' id='word_1_149' title='bbox 144 2838 298 2936; x_wconf 89' lang='lat' dir='ltr'><em>quidem</em></span> <span class='ocrx_word' id='word_1_150' title='bbox 318 2836 438 2910; x_wconf 83' lang='lat' dir='ltr'><strong>fateor</strong></span> <span class='ocrx_word' id='word_1_151' title='bbox 456 2862 532 2908; x_wconf 92' lang='lat' dir='ltr'><em>non</em></span> <span class='ocrx_word' id='word_1_152' title='bbox 553 2854 639 2912; x_wconf 88' lang='lat' dir='ltr'><em>ante</em></span> <span class='ocrx_word' id='word_1_153' title='bbox 658 2839 733 2911; x_wconf 93' lang='lat' dir='ltr'><em>hoc</em></span> <span class='ocrx_word' id='word_1_154' title='bbox 748 2855 900 2940; x_wconf 88' lang='lat' dir='ltr'><em>tempus</em></span> <span class='ocrx_word' id='word_1_155' title='bbox 917 2843 1148 2914; x_wconf 83' lang='lat' dir='ltr'><em>animadver-</em></span> 
     </span>
     <span class='ocr_line' id='line_1_23' title="bbox 144 2955 1147 3056; baseline 0.002 -29"><span class='ocrx_word' id='word_1_156' title='bbox 144 2957 241 3029; x_wconf 90' lang='lat' dir='ltr'><em>tisse.</em></span> <span class='ocrx_word' id='word_1_157' title='bbox 270 2961 475 3044; x_wconf 80' lang='lat' dir='ltr'><em>Praeterea,</em></span> <span class='ocrx_word' id='word_1_158' title='bbox 493 2972 535 3027; x_wconf 92' lang='lat' dir='ltr'><em>ut</em></span> <span class='ocrx_word' id='word_1_159' title='bbox 554 2955 601 3028; x_wconf 86' lang='lat' dir='ltr'><em>de</em></span> <span class='ocrx_word' id='word_1_160' title='bbox 624 2957 774 3030; x_wconf 86' lang='lat' dir='ltr'><em>levitate</em></span> <span class='ocrx_word' id='word_1_161' title='bbox 798 2961 905 3056; x_wconf 86' lang='lat' dir='ltr'><em>prius</em></span> <span class='ocrx_word' id='word_1_162' title='bbox 936 2958 1087 3051; x_wconf 86' lang='lat' dir='ltr'><strong>dicam,</strong></span> <span class='ocrx_word' id='word_1_163' title='bbox 1111 2958 1147 3030; x_wconf 85' lang='lat' dir='ltr'><em>de</em></span> 
     </span>
     <span class='ocr_line' id='line_1_24' title="bbox 92 3073 1147 3179; baseline 0.006 -36"><span class='ocrx_word' id='word_1_164' title='bbox 92 3162 95 3179; x_wconf 27' lang='lat' dir='ltr'>y</span> <span class='ocrx_word' id='word_1_165' title='bbox 145 3074 484 3170; x_wconf 80' lang='lat' dir='ltr'><em>inflammabilitate</em></span> <span class='ocrx_word' id='word_1_166' title='bbox 502 3089 632 3171; x_wconf 89' lang='lat' dir='ltr'><em>postea</em></span> <span class='ocrx_word' id='word_1_167' title='bbox 652 3073 841 3165; x_wconf 87' lang='lat' dir='ltr'><strong>dicturus;</strong></span> <span class='ocrx_word' id='word_1_168' title='bbox 863 3074 1091 3151; x_wconf 85' lang='lat' dir='ltr'><em>Scheffelius</em></span> <span class='ocrx_word' id='word_1_169' title='bbox 1102 3074 1147 3176; x_wconf 82' lang='grc'><em>(3)</em></span> 
     </span>
     <span class='ocr_line' id='line_1_25' title="bbox 145 3188 1149 3289; baseline 0.001 -27"><span class='ocrx_word' id='word_1_170' title='bbox 145 3191 342 3279; x_wconf 85' lang='lat' dir='ltr'><em>admonet,</em></span> <span class='ocrx_word' id='word_1_171' title='bbox 373 3188 682 3263; x_wconf 86' lang='lat' dir='ltr'><em>Reverhorstium</em></span> <span class='ocrx_word' id='word_1_172' title='bbox 708 3218 729 3263; x_wconf 86' lang='lat' dir='ltr'><strong>a</strong></span> <span class='ocrx_word' id='word_1_173' title='bbox 761 3194 970 3266; x_wconf 84' lang='lat' dir='ltr'><strong>Valentino</strong></span> <span class='ocrx_word' id='word_1_174' title='bbox 1000 3198 1149 3289; x_wconf 80' lang='lat' dir='ltr'><em>refutari</em></span> 
     </span>
     <span class='ocr_line' id='line_1_26' title="bbox 146 3307 1147 3409; baseline 0.003 -32"><span class='ocrx_word' id='word_1_175' title='bbox 146 3324 224 3380; x_wconf 89' lang='lat' dir='ltr'><em>tum</em></span> <span class='ocrx_word' id='word_1_176' title='bbox 239 3307 385 3380; x_wconf 84' lang='lat' dir='ltr'><em>calculo</em></span> <span class='ocrx_word' id='word_1_177' title='bbox 400 3308 512 3379; x_wconf 86' lang='lat' dir='ltr'><em>simili</em></span> <span class='ocrx_word' id='word_1_178' title='bbox 519 3333 633 3406; x_wconf 82' lang='lat' dir='ltr'><em>aquoe</em></span> <span class='ocrx_word' id='word_1_179' title='bbox 642 3334 719 3380; x_wconf 90' lang='lat' dir='ltr'><em>non</em></span> <span class='ocrx_word' id='word_1_180' title='bbox 736 3315 1053 3401; x_wconf 81' lang='lat' dir='ltr'><em>innatante,·tum</em></span> <span class='ocrx_word' id='word_1_181' title='bbox 1063 3335 1147 3409; x_wconf 76' lang='lat' dir='ltr'><em>nge·</em></span> 
     </span>
     <span class='ocr_line' id='line_1_27' title="bbox 143 3425 1148 3525; baseline 0.005 -30"><span class='ocrx_word' id='word_1_182' title='bbox 143 3425 300 3525; x_wconf 79' lang='lat' dir='ltr'><em>gropilis</em></span> <span class='ocrx_word' id='word_1_183' title='bbox 319 3450 431 3523; x_wconf 78' lang='lat' dir='ltr'><em>aquce</em></span> <span class='ocrx_word' id='word_1_184' title='bbox 456 3429 729 3515; x_wconf 74' lang='lat' dir='ltr'><em>musitantibus,</em></span> <span class='ocrx_word' id='word_1_185' title='bbox 750 3426 836 3498; x_wconf 89' lang='lat' dir='ltr'><em>licet</em></span> <span class='ocrx_word' id='word_1_186' title='bbox 859 3438 1000 3503; x_wconf 87' lang='lat' dir='ltr'><em>nonin</em></span> <span class='ocrx_word' id='word_1_187' title='bbox 1023 3427 1148 3523; x_wconf 80' lang='lat' dir='ltr'><em>cystile</em></span> 
     </span>
    </p>
   </div>
   <div class='ocr_carea' id='block_1_5' title="bbox 184 3729 687 4006">
    <p class='ocr_par' dir='ltr' id='par_1_6' title="bbox 184 3729 687 4006">
     <span class='ocr_line' id='line_1_28' title="bbox 185 3729 637 3806; baseline 0.004 -22"><span class='ocrx_word' id='word_1_188' title='bbox 185 3729 195 3779; x_wconf 81' lang='lat' dir='ltr'><em>l</em></span> <span class='ocrx_word' id='word_1_189' title='bbox 201 3730 229 3806; x_wconf 88' lang='lat'><em>1)</em></span> <span class='ocrx_word' id='word_1_190' title='bbox 250 3731 328 3786; x_wconf 86' lang='lat' dir='ltr'><em>Diss.</em></span> <span class='ocrx_word' id='word_1_191' title='bbox 344 3730 381 3786; x_wconf 88' lang='lat' dir='ltr'><em>de</em></span> <span class='ocrx_word' id='word_1_192' title='bbox 397 3740 471 3787; x_wconf 86' lang='lat' dir='ltr'><em>mot.</em></span> <span class='ocrx_word' id='word_1_193' title='bbox 485 3730 539 3786; x_wconf 86' lang='lat' dir='ltr'><strong>bil.</strong></span> <span class='ocrx_word' id='word_1_194' title='bbox 560 3729 637 3802; x_wconf 73' lang='lat'><strong>557.</strong></span> 
     </span>
     <span class='ocr_line' id='line_1_29' title="bbox 184 3829 631 3907; baseline 0.004 -23"><span class='ocrx_word' id='word_1_195' title='bbox 184 3829 228 3906; x_wconf 84' lang='lat' dir='ltr'><em>(a)</em></span> <span class='ocrx_word' id='word_1_196' title='bbox 249 3831 368 3888; x_wconf 86' lang='lat' dir='ltr'><strong>Vindic.</strong></span> <span class='ocrx_word' id='word_1_197' title='bbox 385 3842 488 3888; x_wconf 87' lang='lat' dir='ltr'><strong>contra</strong></span> <span class='ocrx_word' id='word_1_198' title='bbox 499 3831 631 3907; x_wconf 85' lang='lat' dir='ltr'><strong>Ruysch.</strong></span> 
     </span>
     <span class='ocr_line' id='line_1_30' title="bbox 185 3926 687 4006; baseline 0.002 -21"><span class='ocrx_word' id='word_1_199' title='bbox 185 3927 231 4006; x_wconf 79' lang='lat'><em>(3)</em></span> <span class='ocrx_word' id='word_1_200' title='bbox 251 3932 327 3991; x_wconf 83' lang='lat' dir='ltr'><em>Dist.</em></span> <span class='ocrx_word' id='word_1_201' title='bbox 341 3932 378 3988; x_wconf 89' lang='lat' dir='ltr'><em>de</em></span> <span class='ocrx_word' id='word_1_202' title='bbox 389 3926 516 3989; x_wconf 79' lang='lat' dir='ltr'><em>Lithtasi</em></span> <span class='ocrx_word' id='word_1_203' title='bbox 532 3931 591 3989; x_wconf 82' lang='lat' dir='ltr'><strong>tell.</strong></span> <span class='ocrx_word' id='word_1_204' title='bbox 608 3934 624 4001; x_wconf 73' lang='lat' dir='ltr'>S</span> <span class='ocrx_word' id='word_1_205' title='bbox 642 3937 687 3998; x_wconf 69' lang='lat'><em>¹4·</em></span> 
     </span>
    </p>
   </div>
   <div class='ocr_carea' id='block_1_6' title="bbox 0 0 1305 4514">
    <p class='ocr_par' dir='ltr' id='par_1_7' title="bbox 0 0 1305 4514">
     <span class='ocr_line' id='line_1_31' title="bbox 0 0 1305 4514; baseline 0 0"><span class='ocrx_word' id='word_1_206' title='bbox 0 0 1305 4514; x_wconf 95' lang='lat' dir='ltr'><em> </em></span> 
     </span>
    </p>
   </div>
  </div>
 </body>
</html>
