2580 4514
163 419 234 465 mn.
257 417 314 464 111.
343 416 391 463 rr
409 413 545 462 norma
560 391 732 476 verram,
757 413 868 461 rrisr.
891 416 1018 462 xxxin.
1048 421 1116 492 ²27

119 530 304 604 baberent
321 553 476 617 omncs,
492 530 529 598 in
546 527 731 626 palliativa
753 531 948 599 curatione
971 531 1120 602 nullum

119 650 178 722 bic
197 658 339 721 restare
356 647 476 718 cuivis
489 647 742 719 instrumento
752 645 900 734 locum;
921 649 1121 721 tuncnihil

119 767 260 865 negotii
281 763 478 837 medicinae
499 763 799 860 relinqueretur,
815 764 887 833 nisi
913 780 955 834 ut
976 765 1121 838 videret

119 907 210 955 num
227 881 325 953 forte
338 882 379 951 in
390 879 654 951 curationibus
678 903 761 976 quae
780 878 827 949 ad
851 879 1056 951 tollendam
1075 884 1121 954 is·

119 1016 192 1075 tam
228 1000 495 1072 relaxationem
521 1001 600 1095 jam
627 998 773 1095 pridem
803 999 979 1069 instituta
1016 1017 1123 1090 sunt,

119 1119 415 1218 praetermissum
435 1113 566 1188 fuisset
582 1114 793 1192 remedium
812 1114 954 1203 ullum,
978 1142 1074 1214 quo,
1092 1120 1123 1189 si

119 1260 197 1311 non
231 1235 353 1322 vinci,
379 1248 416 1305 at
443 1233 567 1330 aliqua
600 1233 731 1306 saltem
756 1258 802 1303 ex
825 1247 931 1331 parte
945 1235 1123 1310 imminui

119 1353 280 1427 morbus
297 1367 434 1450 posset.

172 1497 229 1545 10.
246 1475 304 1542 Ex
322 1468 512 1566 chirurgia
529 1467 685 1565 quidem
705 1468 829 1540 multa>
841 1469 931 1539 olim
946 1468 1124 1542 adversus

119 1591 225 1663 bunc
240 1587 419 1659 morbum
435 1585 636 1660 trahebant
652 1585 797 1656 auxilia.
824 1586 1017 1659 Laudabat
1034 1589 1126 1658 Βίου

119 1708 230 1781 lanua
246 1704 305 1803 (1)
330 1702 587 1777 cucurbitulas
608 1703 723 1790 duas,
749 1704 915 1801 singulas
937 1704 985 1801 ad
1010 1705 1125 1778 latera

122 1825 276 1924 singula
293 1825 360 1894 imi
371 1824 467 1895 sacri
485 1823 578 1894 ossis
596 1822 784 1910 admotas,
800 1825 876 1894 sive
906 1823 953 1897 ad
974 1825 1125 1914 clu'nes,

119 1956 164 2017 ut
178 1954 368 2020 memorat
390 1939 625 2012 Schacherus
649 1938 727 2037 (a),
743 1939 832 2011 inde
846 1940 995 2037 aliquid
1022 1965 1126 2014 com-

120 2060 238 2133 modi.
252 2075 342 2132 tunc
359 2072 579 2156 expectans,
603 2081 689 2128 cum
716 2058 895 2157 princeps
911 2059 999 2131 mali
1018 2084 1128 2132 causa

120 2179 240 2251 baeret
254 2179 295 2247 in
313 2175 499 2273 languidis
519 2175 582 2247 ani
598 2174 786 2247 musculis.
804 2179 881 2273 Ego
902 2201 985 2247 non·
1007 2175 1127 2248 multo
1159 2242 1160 2246 ,

120 2296 207 2397 plut
227 2295 317 2367 binc
334 2318 467 2392 spem,
487 2316 601 2390 quam
618 2293 826 2364 acauteriis
840 2293 991 2367 duobus
1009 2293 1057 2366 ad
1076 2297 1129 2366 iu·

121 2411 255 2489 limam
271 2413 417 2511 apinam
436 2409 635 2493 adhibitis,
655 2434 762 2508 quae,
785 2410 950 2482 Arabum
973 2413 1128 2485 asseclas

122 2545 299 2617 secutus,
316 2529 549 2601 Mercurialis
571 2526 631 2624 (3)
655 2529 874 2626 proposuit,
896 2532 1044 2604 Marcus
1062 2554 1130 2602 au·
1174 2537 1178 2545 '

121 2662 202 2724 tem
231 2647 405 2719 Aurelius
421 2646 621 2719 severinus
641 2643 695 2742 (Δ)
718 2643 972 2734 confirmavit,
993 2647 1065 2718 nisi
1090 2649 1129 2717 in

121 2789 171 2841 eo
191 2763 292 2837 forte
308 2762 523 2835 adhibenda
543 2778 686 2851 essent,
704 2764 810 2859 cujus
843 2761 993 2835 habitus
1018 2764 1131 2862 longe
1200 2860 1202 2864 Ι

122 2883 222 2955 aliua
240 2896 338 2954 esset
350 2905 394 2952 ac
408 2882 497 2980 ae'gri
512 2882 652 2970 nostri,
673 2895 710 2954 et
732 2881 931 2978 prolapsus
947 2880 994 2952 ab
1015 2881 1132 2953 nir‘nia

122 2999 300 3075 humoris
332 3001 441 3097 copia
475 3013 540 3070 aut
574 2997 693 3071 lactus
721 3012 786 3069 aut
815 3004 990 3071 servatus.
1006 3000 1133 3090 ¹Quod

124 3118 221 3189 'vcro
244 3115 291 3206 ad
309 3114 494 3188 famosum
518 3117 698 3188 auxilium
715 3117 848 3187 attinet
866 3117 1011 3213 antiqui
1033 3119 1133 3195 illiut

123 3232 300 3330 chimirgi
326 3233 523 3322 Leonidae,
554 3240 668 3331 quem
694 3233 752 3302 vir
779 3231 822 3303 cl.
851 3233 986 3322 Daniel
1014 3234 1132 3306 Clari-
1199 3223 1203 3236 ⁴

165 3631 216 3710 (r)
236 3633 315 3689 Se'ct.
330 3630 380 3688 cit.
396 3648 486 3705 supra
499 3630 578 3687 adn.
595 3629 622 3685 3.
639 3595 647 3611 ⁸

167 3746 216 3808 (al
238 3750 254 3812 S
270 3764 304 3821 9,
323 3763 387 3821 cap.
404 3745 455 3802 cit.
472 3763 564 3820 supra
577 3745 658 3802 adn.
673 3749 699 3808 4.

167 3869 215 3949 (3)
236 3871 311 3943 Cap.
322 3868 373 3923 cit.
389 3885 480 3942 supra
493 3867 533 3924 ad
548 3886 580 3922 n.
594 3867 622 3922 3.

165 3982 216 4061 (t)
234 3984 280 4040 De
297 3979 374 4043 effic.
389 3981 467 4038 med.
483 3982 504 4040 l.
518 3999 535 4036 a
542 4022 551 4052 ‚
565 3999 596 4056 p.
614 3999 644 4055 1,
664 3998 690 4037 c.
707 3978 755 4036 50.

906 4075 967 4148 15*
