2580 4514
180 424 183 429 .
204 387 278 437 mn.
298 383 354 435 111.
381 383 900 449 nnnonn1svenrrrs,nrtsr.
922 389 1058 437 xxxvu.
1086 369 1159 457 465

153 501 335 576 exhibeat
351 497 519 599 lapidum
539 499 578 569 in
594 497 723 571 eadem
741 501 833 595 cysti
850 518 1108 598 repertorum,
1120 508 1161 581 in

150 623 281 720 iisque
299 621 437 706 unius,
463 617 511 689 ab
542 641 581 690 se
601 616 774 705 inventi,
801 623 838 686 in
868 628 1163 699 extremitatibus

154 738 348 839 diaphani
356 790 366 826 ‚
384 736 594 808 sectionem¹
610 759 788 832 quoque,
817 751 860 807 ut
878 735 1052 830 videtur,
1073 743 1163 817 alte·

155 858 247 929 rius·
259 854 413 929 exhibet
424 853 553 926 nescio
568 852 670 924 unde
685 870 892 951 sumptam
910 858 1038 955 inqua
1053 860 1163 959 plura

157 974 316 1073 quidem
332 954 526 1045 circularia
541 985 674 1057 strata,
695 969 760 1043 sed
778 972 898 1044 multo
915 974 1041 1071 plures
1057 977 1164 1051 lineae

158 1091 449 1190 conspiciuntur
465 1114 487 1160 a
503 1102 634 1161 centro
651 1088 698 1159 ad
718 1087 902 1161 ambitum
922 1095 1163 1189 pertinentes.

157 1215 281 1285 Porro
297 1233 320 1280 a
332 1205 540 1306 Malpighio
556 1205 611 1304 (1)
629 1198 855 1304 descriptam
875 1211 1031 1281 memini
1048 1222 1173 1310 pecua'

156 1327 291 1401 barem
315 1326 480 1424 speciem
514 1323 776 1410 calculorum,
808 1349 905 1422 quos
940 1327 1117 1403 credebat
1145 1357 1168 1429 e

157 1467 314 1518 mucosa
330 1441 744 1542 quadamconcrevisse
758 1445 993 1535 substantia,
1013 1470 1099 1544 quae
1110 1466 1168 1519 sa·

152 1587 301 1665 panem
313 1560 526 1645 aemuletur,
540 1559 597 1633 vel
604 1566 723 1657 magis
738 1563 994 1661 campitorem.
1014 1568 1087 1638 Eos
1099 1568 1177 1666 igi-

159 1698 223 1755 tur
237 1685 336 1751 mira
351 1681 404 1750 ait
423 1703 499 1750 esse
522 1668 704 1776 compage
713 1705 726 1766 ,·
747 1668 912 1778 lapidem
936 1704 1100 1783 namque
1105 1687 1169 1782 jn-

161 1800 316 1874 deinum
333 1799 469 1896 stgrsra
490 1795 910 1884 aemulari‚‘et-interius
941 1800 1169 1898 elegantibus

165 1915 327 2015 lamellis
342 1941 368 1986 a
379 1914 600 2014 peripheria
623 1913 680 1985 ad
696 1931 860 1995 centrum
888 1916 1058 1990 deductis
1066 1922 1168 1992 ¹com·

156 2039 366 2137 paginari,
384 2057 470 2132 qnae
488 2030 536 2103 de
545 2029 665 2124 saciii
688 2034 739 2104 ab
761 2039 913 2106 invicem
932 2018 1166 2135 separantur.

162 2155 391 2252 Quanquam
406 2165 531 2223 antem
543 2149 795 2221 arbitrabatur
807 2157 845 2220 in
855 2152 992 2250 hepate
1003 2156 1121 2253 gigni,
1133 2169 1172 2226 et

163 2272 296 2369 incjus
304 2278 416 2368 poro,
435 2258 852 2365 credo-quiaejusniodi
862 2268 1037 2365 lapidem,
1052 2296 1167 2370 quern

161 2385 539 2463 amicusBonfiliolus
557 2384 748 2474 servabat,
767 2400 959 2483 repertum
977 2388 1171 2460 audiverat
1250 2422 1253 2427 ’

161 2505 267 2607 apud
279 2509 488 2598 Germanos
502 2510 540 2574 in
541 2507 673 2599 jecore
681 2503 753 2574 viri
767 2502 922 2593 nobilis,
936 2519 1059 2577 tamen
1072 2508 1171 2603 ejus÷

135 2680 139 2693 .
161 2621 315 2715 remedi
335 2624 495 2709 alterum
506 2676 516 2709 ,
538 2645 653 2719 quem
672 2619 808 2692 vidisse
825 2645 864 2692 sc
883 2621 1031 2710 scribit,
1060 2640 1181 2694 ama·

163 2748 280 2829 tr'cna
299 2740 482 2831 sibinota
498 2754 591 2841 post
611 2743 774 2833 ingentes
795 2736 945 2809 dolores
964 2754 1000 2810 et
1020 2739 1172 2838 longam

165 2863 365 2935 uterinam
374 2864 449 2957 per
463 2856 594 2929 aluum
612 2871 818 2945 excretum,
839 2855 981 2928 ibidem
1004 2849 1173 2956 genitum

166 2976 283 3051 firisse
299 3000 371 3075 pro
385 2976 492 3050 certo
507 2976 601 3047 scire
619 2998 699 3045 non
716 2990 875 3072 poterat.
889 2977 1060 3074 Namque
1078 2991 1175 3050 etex

168 3095 268 3170 fellis
283 3093 601 3193 vesiculaprocul
626 3091 745 3164 dubio
762 3091 875 3165 fuisse
896 3094 1079 3191 quosdam
1102 3095 1178 3166 cal*

169 3213 280 3286 culos
291 3237 360 3312 per
376 3211 503 3285 sedem
519 3212 683 3307 ejectrn,
699 3208 795 3288 iufra
810 3210 864 3307 (η)
881 3211 1122 3302 ostendetur,
1143 3228 1183 3285 et

171 3335 214 3406 in
236 3333 320 3432 ipsa
349 3355 504 3430 quoque
537 3342 781 3400 concrescere
807 3352 1085 3427 nonnunquam
1113 3330 1181 3401 ali-

169 3473 272 3551 quos
288 3463 476 3523 structura
496 3444 590 3517 haut
604 3445 785 3534 absimili,
807 3469 894 3516 cum
916 3472 962 3518 ex
975 3448 1085 3520 dictis
1102 3473 1182 3519 non

172 3569 383 3651 obscurum
401 3581 481 3656 est,
508 3580 590 3637 tum
608 3563 792 3636 continuo
812 3564 892 3636 aliis
912 3565 1183 3638 observationi·

214 3834 259 3918 (¹)
281 3837 341 3912 Or·
356 3836 457 3912 posu.

216 3935 265 4019 (ι)
284 3939 323 3994 n.
342 3935 392 4004 rs.

250 4042 286 4127 4.
