2580 4514
159 381 229 456 500
322 405 368 452 DE
395 405 539 453 sentitus
563 404 608 451 ET
633 405 758 454 ctusts
784 408 1003 459 MORBORUB

155 522 203 592 tis
220 535 255 592 et
278 518 472 591 doloribus
491 539 577 590 cum
599 520 754 591 aliarum
783 537 866 593 tum
888 528 1144 623 proximiorun

155 639 360 736 praesertim
374 639 537 733 jecinori
551 639 713 734 partium
725 641 935 732 excitatum
950 668 983 716 st
972 643 1113 736 haecs
1106 674 1148 718 ln-

156 778 293 887 quam,
310 780 395 825 cum
415 757 486 824 viri
474 753 747 828 similitudine
768 780 987 856 congruere
1010 786 1149 860 agrove

154 873 222 943 ris:
246 888 282 943 et
298 872 402 969 quod
421 872 493 942 ad
485 877 716 944 irritamenta
734 876 981 970 potissimum
1003 895 1148 978 spectat,

44 1052 47 1063 .
154 989 344 1088 paulisper
359 989 587 1078 attenderis3
614 988 719 1063 facile
734 993 926 1067 rationem
945 995 1073 1067 illam
1065 1023 1148 1070 mve-

152 1110 234 1179 nies
248 1131 360 1204 quam
381 1132 425 1177 ex
440 1132 499 1178 me
516 1107 708 1204 quaerebas
721 1107 794 1205 (1),
813 1134 885 1181 cur
905 1113 1045 1210 positis
1053 1116 1091 1185 in
1099 1140 1145 1186 ve·

153 1225 268 1297 sicula
290 1224 460 1309 calculis,
480 1226 604 1322 regius
621 1224 777 1297 morbus
796 1227 1012 1324 aliquando
1043 1256 1147 1304 nasca-

151 1357 230 1431 tur,
244 1342 388 1414 etiamsi
404 1341 506 1412 nulla
521 1343 589 1412 alia
609 1344 720 1414 simul
737 1366 848 1415 causa
873 1347 924 1417 sit
944 1346 997 1420 de
1020 1364 1076 1422 tot
1092 1351 1145 1423 iltis

152 1485 246 1558 quas
258 1483 370 1557 supra
384 1458 650 1547 indicavimus,
671 1485 691 1530 a
710 1484 785 1557 qua
809 1464 938 1558 repeti
953 1465 990 1536 is
1008 1467 1144 1540 morbus

151 1592 275 1675 queat.
291 1578 470 1673 Agnitum
487 1578 525 1647 id
543 1578 633 1647 olim
654 1592 746 1649 esta
765 1578 877 1651 nobis
899 1605 994 1652 cum
1014 1586 1144 1684 scripsi·

151 1717 237 1766 mus
266 1694 340 1791 (2),
369 1700 443 1766 sive
464 1694 618 1782 calculi,
636 1720 661 1764 a
677 1719 737 1766 me
756 1703 899 1793 reperti
924 1700 1094 1774 nondum
1112 1727 1143 1772 ea

140 1814 291 1901 fuerint
312 1812 585 1907 magnitudine,
619 1828 687 1882 aut
708 1813 909 1911 pondere,
939 1834 1016 1888 aut
1028 1822 1142 1918 figura

151 1952 228 2026 qua
254 1934 344 1998 satis
369 1928 460 1999 loedi
483 1928 757 2027 cystis'p'osset,
788 1935 863 2002 sive
888 1957 939 2003 eo
965 1960 1141 2034 nunquam

152 2044 337 2143 compulsi
350 2036 528 2137 fuerent,
550 2062 591 2116 ut
619 2047 704 2118 bilis
726 2053 865 2118 exitum
879 2051 1140 2147 prohiberent,

148 2160 231 2233 fieri
249 2162 299 2234 ob
317 2163 384 2236 has
401 2164 565 2236 rationes
581 2167 767 2262 potuisse,
786 2180 829 2236 ut
844 2166 885 2275 in
908 2169 1056 2265 quibus
1072 2171 1139 2242 illos

147 2280 382 2370 inveneram,
400 2281 544 2352 nnllam
550 2282 798 2380 peculiarem,
816 2308 906 2380 quae
916 2287 1139 2382 quidemma·

147 2400 282 2490 nisesta
301 2414 416 2487 esset,
445 2422 606 2486 noxam,
630 2397 761 2470 sedne
787 2404 981 2475 ictericum
1006 2405 1139 2503 quidem

144 2513 307 2587 colorem
335 2515 558 2587 inducerent.
588 2517 735 2587 Irritata
758 2515 939 2590 videlicet
966 2523 1063 2618 oysti
1088 2536 1139 2593 aut

144 2633 404 2731 magnitudine
416 2626 502 2722 ,out
516 2633 707 2730 pondere,
727 2647 791 2704 aut
806 2630 933 2730 figura
945 2640 1138 2734 praesertim

145 2750 376 2821 calculorum
395 2765 487 2820 tunc
499 2750 659 2820 maxime
676 2773 763 2820 cum
780 2752 819 2819 in
833 2753 997 2825 cervicis
1017 2779 1139 2853 angus·

142 2869 211 2939 tias
230 2868 368 2954 coacti,
391 2867 505 2938 abile
528 2892 641 2964 quam
668 2868 720 2938 sic
742 2869 906 2965 intcysti
932 2874 1136 2959 retineant,

143 2983 233 3056 dum
252 2985 330 3056 haec
347 3009 368 3054 a
385 2984 616 3074 ventriculo,
640 2999 703 3056 aut
719 2985 908 3058 intestinis
929 2990 1136 3088 comprimi·

140 3119 217 3190 tur,
235 3128 355 3200 usque
380 3117 416 3173 et
436 3125 557 3198 usque
583 3104 700 3199 magis
725 3117 929 3199 urgentur,
958 3130 1135 3205 spasmum

139 3221 227 3292 inde
246 3221 337 3297 oriri
359 3236 396 3292 et
416 3221 692 3291 contractiones
720 3242 763 3290 ac
793 3224 1049 3317 crispatur&
1065 3247 1134 3323 que

137 3363 206 3438 per
224 3339 463 3410 continuatos
479 3334 565 3407 bilis
581 3337 741 3431 majores
758 3335 896 3410 ductus
918 3337 1014 3413 hinc
1032 3342 1077 3414 od
1089 3344 1133 3419 in·

135 3457 314 3530 tostinum
331 3454 574 3553 duodenum,
594 3451 682 3522 inde
701 3477 791 3523 vero
814 3454 864 3526 ad
880 3454 992 3550 jecur
1009 3466 1130 3557 propa·

136 3591 285 3671 gentur,
305 3572 450 3668 viisque
461 3571 512 3641 sic
524 3570 725 3641 contractis
741 3569 906 3643 icterum
918 3598 1031 3672 posse
1039 3574 1126 3658 fieri,

171 3854 340 3934 (1)N·'33·
573 3794 635 3935 fl

173 3957 218 4035 (a)
236 3938 329 4032 Eiist.
342 3965 421 4011 anat.
441 3973 472 4028 1,
490 3970 521 4015 o.
537 3951 583 4011 50.
