2580 4514
189 405 258 451 tm.
282 404 338 450 111.
368 403 413 449 nr
440 401 575 456 nonnis
599 401 767 464 vaurms,
791 401 903 449 anisa.
925 403 1045 449 xxxm.
1074 381 1145 479 307

135 517 342 604 collectaS,
358 539 437 584 non
461 514 533 587 nisi
552 539 638 585 raro
661 513 795 586 vidisse
822 516 987 585 memini.
1009 520 1099 606 Quae
1118 520 1150 589 si

136 659 291 732 semper
305 632 353 705 ad
373 631 476 702 huuc
506 630 663 701 modum
686 656 723 702 se
749 654 786 702 se
808 630 1048 720 habuissent,
1072 661 1148 714 una

136 779 186 824 ex
206 752 353 848 magnis
374 747 657 821 difficultatibus
674 748 840 822 Nabothi
870 753 1062 822 sententiae
1081 753 1148 825 de-

139 869 278 949 fuisset.

159 1052 163 1061 .
192 987 250 1076 34.
271 989 412 1057 Verum
440 982 517 1055 haec
539 982 637 1053 alias.
657 983 767 1053 Nunc
780 982 826 1053 ad
842 985 1053 1057 institutum
1073 1013 1150 1060 ser-

141 1128 298 1199 monem
319 1099 525 1183 redeamus.
543 1104 587 1168 ln
610 1100 753 1196 virgine
773 1099 843 1171 hac
860 1101 963 1186 vides
983 1105 1150 1183 intestini

140 1221 347 1320 partemin
370 1221 579 1318 proximam
599 1241 636 1288 se
650 1216 853 1311 conjecisse
870 1244 877 1285 :
897 1218 943 1288 ab
963 1219 1033 1291 hac
1044 1237 1148 1319 parte

140 1338 256 1419 fuisse
282 1335 413 1417 flatum
443 1337 508 1433 qui
534 1335 727 1422 dilatarem
754 1333 800 1407 ab
825 1336 886 1407 illa
909 1353 1031 1409 autem
1050 1341 1150 1411 lum-

139 1457 317 1552 bricum,
344 1456 412 1552 qui
440 1453 656 1527 lacessendo
683 1453 929 1542 contrahere,
949 1455 1150 1531 inflamma·

141 1577 365 1670 tiouemque
392 1572 489 1651 ciere
518 1584 676 1667 posset:
702 1571 934 1666 pertinacem
967 1578 1149 1654 vomitum

141 1717 223 1771 non
241 1688 415 1777 defuisse,
427 1703 469 1760 ut
484 1712 608 1785 neque
622 1688 661 1757 in
670 1686 849 1758 duodeno
862 1690 940 1784 jam
955 1695 1148 1766 materiam

140 1803 529 1907 liquidarumhacu'm
547 1804 717 1878 similem.
744 1811 806 1879 Hae
827 1831 887 1889 res
907 1832 1039 1889 omnes
1058 1807 1151 1882 fece·

141 1938 254 2012 runt,
273 1950 322 2000 ne
354 1922 551 2002 historiam
569 1920 631 1991 hic
650 1924 983 2019 praetermitterem.
1004 1931 1150 2007 Gravis·

142 2046 265 2126 simus
275 2056 401 2119 autem
423 2043 518 2120 ictus
541 2040 693 2136 capitis,
714 2041 780 2135 qui
805 2066 873 2137 per
896 2067 934 2113 se
961 2046 1150 2126 concitare

141 2163 330 2259 vomitum
350 2159 462 2245 solet,
480 2159 520 2228 iu
536 2160 641 2230 tenui
660 2159 838 2229 intestino
855 2160 995 2248 levior,
1014 2178 1050 2232 et
1067 2189 1150 2259 quae

143 2279 351 2361 novissime
379 2275 556 2354 inchoata
582 2274 774 2357 videretur
793 2276 1059 2366 inflammati03
1090 2307 1152 2360 ue·

133 2382 220 2496 =que
236 2396 343 2476 aliter
359 2391 516 2474 fortasse
530 2417 643 2490 quam
660 2396 1151 2493 XlXepistola(1')i11‹lieata
1215 2429 1217 2434 v
1267 2385 1270 2390 ’

141 2512 486 2620 θειιειρίἱοαηάα,
500 2514 705 2609 praesertim
728 2536 820 2584 vero
841 2515 921 2595 laxa
948 2515 1044 2589 adeo
1061 2541 1150 2594 ‚sus-

139 2633 285 2731 ceptio,
313 2647 356 2705 ut
387 2628 579 2715 facillime,
604 2630 787 2728 nulloque
808 2634 865 2703 sui
888 2632 1021 2705 relicto
1037 2637 1150 2711 vesti-

142 2748 207 2849 gio
220 2751 433 2836 evanuerit,
451 2774 570 2829 eume
584 2749 837 2854 impulerunt,
852 2763 893 2820 ut
908 2748 1007 2820 hanc
1025 2777 1152 2848 neque

139 2893 215 2969 pro
233 2870 486 2957 vomitionum
502 2892 621 2964 'causa
652 2867 869 2956 habuerim,
899 2893 1024 2965 neque
1051 2871 1150 2961 iuter
1255 2885 1259 2892 '

142 3012 207 3071 eas
233 2991 506 3069 connumerem
525 2986 573 3065 de
594 2984 735 3082 quibus
754 2989 793 3056 iu
815 2989 1010 3083 praeseutia
1035 2986 1152 3067 verba,

141 3101 252 3185 facio.
279 3107 410 3202 Neque
433 3105 534 3177 enim
559 3103 621 3175 hie
652 3117 780 3200 specto
802 3128 896 3200 quas
921 3101 1028 3176 facile
1048 3107 1150 3207 evul-

140 3221 304 3311 vendas,
321 3247 447 3319 neque
470 3222 521 3291 ita
539 3244 626 3291 raro
649 3222 862 3293 invenimus
888 3223 1017 3317 quales
1037 3219 1149 3294 fuitse

140 3354 240 3440 puto
257 3354 333 3412 tres
346 3341 427 3411 illas
448 3363 542 3436 quas
563 3340 642 3409 sine
659 3339 745 3409 ullis
762 3339 902 3409 volvuli
918 3340 1033 3436 signis
1049 3342 1088 3410 in
1100 3341 1152 3436 je·
1256 3321 1258 3325 ⁵

138 3458 239 3555 juno
249 3458 384 3555 puellae
392 3458 572 3528 intestino
586 3455 679 3527 vidit
691 3455 926 3528 Abrahamus
939 3457 1152 3553 Valerus(n)

141 3573 354 3674 qualesque
387 3572 542 3645 fortasse
572 3587 698 3663 erant,
725 3561 880 3670 quando
909 3573 1012 3644 nulla
1038 3574 1084 3644 ‹le
1110 3576 1153 3645 iis

202 3877 214 3914 1
252 3857 290 3913 N.
313 3857 358 3914 18.
557 3913 558 3916 ,

184 3856 231 4035 i²i
252 3959 357 4036 Progr.
371 3957 469 4028 edito,
482 3976 530 4050 au.
547 3976 639 4031 1727,
654 3960 697 4015 Μ.
711 3958 799 4034 april.

914 4058 980 4126 au*
