2580 4514
136 391 205 480 482
295 411 341 456 na
367 407 512 456 anninus
537 409 580 453 nn
606 406 730 455 causis
755 406 972 458 uouaonnu

135 522 376 623 superficiem
395 518 553 591 faciebat
576 520 747 617 corporis
773 519 961 593 vertebrae
985 539 1125 622 quarta,

135 640 318 725 exstabat,
338 663 450 736 seque
471 637 521 707 ita
534 650 698 723 exstans,
718 660 869 708 sursum
885 631 1132 736 producebat}

135 785 293 855 eamque
320 755 610 854 prominentiam
637 769 759 826 crusta
790 778 900 826 ossea
926 757 1124 854 operiebat:

135 876 204 949 sub
225 900 300 974 qua
317 888 439 945 crusta
455 871 671 943 servabatur
683 872 1126 971 prominentisligamenli

134 1009 277 1066 natura.
297 992 536 1064 Sinistrarum
554 989 899 1086 prominentiarum
920 1014 1010 1062 cum
1029 1016 1124 1063 uuan

135 1113 299 1209 scalpro,
319 1110 579 1181 continuatum
599 1122 722 1178 autem
745 1106 1000 1204 ligamentum
1023 1110 1126 1181 cultro

134 1232 173 1302 in
194 1246 448 1300 transversum
465 1224 744 1312 dissecuissem3
768 1224 876 1297 lineae
894 1226 1052 1323 quidem
1071 1227 1126 1298 itu

135 1346 382 1419 conceutricae
402 1341 469 1413 ubi
487 1342 631 1429 solent3
649 1340 713 1412 sed
728 1341 853 1413 lurido
868 1358 908 1415 et
921 1346 1031 1441 quasi
1047 1346 1125 1415 cino

134 1490 200 1537 reo
225 1463 351 1536 colore
379 1458 517 1530 infecta
539 1460 666 1530 omnia
686 1475 964 1557 apparuerunt.
983 1461 1038 1533 Ad
1053 1486 1126 1533 veu-

136 1599 229 1656 trem
248 1580 397 1652 tandem
417 1603 499 1675 quae
528 1578 718 1675 pertinent
742 1577 913 1675 reliqua,
933 1578 1125 1655 nobishoc

136 1697 369 1772 observanda
380 1695 629 1795 praebuerunt.
641 1699 847 1766 Omentum
861 1722 1057 1770 annexum
1063 1711 1125 1768 erat

136 1841 156 1887 a
173 1815 313 1889 dextris
324 1830 405 1885 tum
423 1815 457 1885 ei
475 1813 571 1910 parti
586 1813 752 1884 intestini
769 1812 844 1885 coli
864 1839 954 1910 quae
972 1815 1123 1914 proxima

136 1931 249 2028 hujus
267 1933 376 2003 initio
392 1945 464 2017 est,
479 1945 558 2001 tum
572 1931 704 2001 vicinis
715 1931 748 2001 ei
761 1932 860 2028 parti
878 1933 1067 2006 intestinis
1083 1946 1125 2003 te·

135 2050 296 2136 unibus,
323 2064 360 2120 et
380 2050 596 2146 peritonaeo.
631 2047 876 2127 Ventriculus
908 2075 994 2122 non
1023 2050 1124 2124 solun

136 2168 350 2264 angustior,
372 2165 435 2236 sed
457 2166 581 2235 minus
600 2163 701 2237 bona
722 2163 844 2263 figura
864 2168 1055 2264 praeditus.
1073 2171 1126 2262 Py·

134 2286 209 2357 lori
225 2299 348 2355 autem
362 2283 525 2354 annulus
543 2281 694 2355 duobus
712 2283 752 2352 iu
772 2281 867 2354 locis
887 2285 1068 2357 nonnihil
1080 2298 1124 2354 tu·

138 2403 272 2474 mebat.
294 2405 415 2498 Prope
432 2399 591 2470 alterum
612 2397 801 2471 orificium
817 2400 924 2474 intus
942 2407 985 2475 in
1008 2400 1125 2475 venui

137 2521 222 2595 culo
239 2517 475 2609 subrotunda
496 2516 689 2614 quaedam,
709 2532 745 2591 et
761 2541 878 2615 parva
907 2523 1022 2617 quasi
1043 2521 1126 2619 glan·

138 2640 227 2711 dula
244 2636 427 2722 exstabat,
451 2660 533 2732 quae
559 2634 716 2707 dissecta
739 2660 811 2733 pro
832 2651 992 2713 tumore
1009 2639 1127 2737 cynico

138 2758 263 2855 agnita
279 2770 354 2865 est3
377 2767 508 2851 utpote
530 2754 597 2849 qui
619 2778 664 2823 ex
681 2752 892 2829 substantia
918 2754 1038 2833 fiebat
1063 2756 1127 2854 qui·

138 2875 223 2946 dem
239 2873 343 2959 alba,
359 2870 487 2958 firma,
509 2886 546 2941 et
564 2871 603 2940 in
621 2895 741 2943 unum
761 2894 903 2968 corpus
917 2869 1126 2970 ejusdeuu

139 3018 237 3091 gurae
248 3005 461 3086 compacta;
477 2987 541 3059 sed
552 2987 591 3058 id
603 3013 740 3085 eorpus
758 3013 779 3058 a
794 2993 1024 3066 continente
1035 3014 1128 3065 meu·

138 3105 297 3179 branula
316 3103 488 3177 facillime
505 3105 652 3201 sejungi
669 3106 799 3202 potuit.
829 3108 1056 3183 Proximum
1075 3131 1127 3179 au·

140 3240 216 3296 tem
236 3224 376 3295 tumori
394 3221 448 3293 illi
466 3220 653 3294 orificium
672 3222 898 3314 ventriculi,
926 3225 969 3297 id
996 3245 1051 3301 est
1069 3239 1126 3298 sn

139 3340 316 3426 machus,
336 3355 414 3411 erat
435 3339 723 3436 amplissimum,
742 3353 783 3411 ut
798 3343 1028 3419 continuata
1050 3364 1126 3442 quo-

141 3484 215 3556 que
233 3456 319 3555 gula
335 3455 381 3529 ad
405 3471 569 3552 quatuor
593 3456 721 3527 saltem
747 3480 862 3554 supra
888 3460 1125 3536 ventriculum

91 3641 96 3649 .
140 3576 343 3674 digitorum
374 3573 633 3661 altitudinem,
663 3599 740 3670 quo
771 3589 853 3648 toto
891 3581 1018 3676 spatio
1044 3581 1127 3651 ium

139 3710 234 3777 erat,
253 3716 367 3790 quam
389 3691 536 3788 reliquo
556 3691 816 3763 rubicundior·
833 3695 939 3784 Quin
959 3698 1067 3770 etiam
1085 3691 1126 3765 lo·

140 3836 269 3883 namen
297 3811 337 3880 in
365 3823 470 3905 septo
497 3825 709 3883 tmusverso
725 3808 771 3881 ad
786 3835 871 3883 eam
879 3818 1123 3899 ,transmitten-

139 3928 244 4016 dam,
265 3942 454 4024 apertum,
470 3926 591 4001 multo
617 3950 729 4024 quam
756 3925 897 4018 soleat,
920 3932 962 4005 iu
985 3927 1124 4007 latitudi-
