2580 4514
136 349 209 437 430
296 368 343 419 nu
367 371 516 420 seorsus
540 373 585 421 rr
608 370 735 421 cinni
759 320 978 426 louonun

136 511 221 558 curn
245 485 284 556 in
305 483 517 556 minoribus
533 483 747 583 quibusque
764 486 849 584 ejus
872 487 1014 565 ductui
1034 489 1127 568 rmlt

137 601 292 688 faciant,
311 602 411 673 idem
441 604 579 700 nempe
602 599 791 694 efficiunt,
810 628 857 679 ec
879 607 914 679 si
934 606 1061 705 ipsum
1076 605 1129 681 ob·

136 734 306 792 turarent
321 735 510 791 truncum.

191 863 245 910 ιι.
266 837 352 910 Dixi
369 849 496 909 autern
514 835 805 934 comprimendo
816 837 1133 931 autobsrruendo,

137 954 204 1027 bili
230 957 327 1026 viam
351 979 372 1025 a
400 952 552 1026 calculis
579 953 791 1027 intercludi.
809 959 960 1055 Neque
990 959 1134 1032 euimti

63 1158 65 1162 ¹
138 1075 224 1173 quis
242 1071 410 1144 calculos
429 1068 632 1168 aliquando
648 1072 722 1144 aiat
742 1073 781 1143 in
801 1074 895 1171 ipsis
914 1074 1134 1174 glaudulosit

137 1191 283 1289 hepatis
297 1189 414 1260 acinis
425 1211 683 1277 concrescere,
695 1213 817 1287 eoque
829 1187 943 1265 facile
954 1193 1134 1268 attinuisse

137 1315 298 1380 minores
325 1306 410 1377 illos
427 1330 526 1403 quos
543 1311 759 1380 inertem
776 1307 929 1408 hepatis
950 1312 1135 1411 superficie

138 1426 232 1499 vidit
250 1424 512 1524 Riedlinus(r)
524 1420 543 1512 ‚⁰
549 1424 737 1498 adversari
755 1426 898 1501 velim:
926 1452 1134 1528 quanquam

137 1546 272 1644 saepius
291 1542 405 1615 credo
427 1545 466 1615 in
494 1543 584 1641 ipsis
609 1544 712 1644 gigni
734 1543 905 1644 hepatiei
930 1547 1075 1623 ditetur
1089 1571 1134 1621 rt·

138 1665 227 1751 mis,
245 1676 287 1732 ut
305 1662 372 1758 qui
388 1661 606 1760 diligentius
618 1663 805 1759 persecuti
823 1679 940 1754 suut,
956 1665 1132 1739 invenere.

138 1778 330 1876 Ruyschio
343 1780 399 1875 (2)
413 1793 568 1850 certent
585 1779 682 1853 nihil
699 1777 956 1878 frequentius,
972 1788 1016 1857 in
1028 1781 1134 1857 bonu

63 1952 68 1964 .
140 1896 294 1996 quidem
322 1911 359 1968 et
386 1895 520 1968 ovibus
540 1896 745 1986 acciderat,
772 1923 889 1996 quam
912 1899 1134 1997 calculosi!

139 2016 244 2113 poris
260 2013 402 2087 bilariis
418 2013 721 2112 deprehendere,
736 2017 789 2088 sic
806 2015 905 2088 nihil
920 2024 1133 2093 rarimeou

138 2135 227 2232 tigit
233 2157 347 2264 quam
367 2130 552 2204 eosdem
537 2158 575 2202 m
592 2138 673 2266 ipso
688 2133 836 2233 hepatis
842 2136 1133 2232 paoenchsman

138 2251 327 2350 reperire;
343 2266 386 2322 ut
401 2250 571 2348 quamvis
584 2208 754 2347 jecinora
775 2251 864 2383 plus
883 2269 1046 2327 centum
1063 2276 1132 2353 per·

138 2394 253 2468 quarn
287 2382 427 2440 attente
461 2374 738 2457 excarnaverit,
776 2369 817 2440 in
852 2394 937 2442 uno
966 2371 1133 2445 duntartt

138 2486 327 2559 caleulum
347 2480 550 2558 offenderit
568 2490 606 2554 in
619 2485 923 2584 perenchymate
952 2485 1133 2565 abscondi·

139 2621 214 2677 tum
222 2660 233 2693 ,
245 2628 345 2704 poro
359 2603 497 2674 hilario
518 2600 622 2673 nullo
637 2602 750 2675 modo
767 2605 950 2696 affixum.
976 2610 1056 2682 Nec
1071 2607 1132 2679 alic

139 2748 255 2822 quam
273 2721 320 2793 ad
339 2720 491 2792 eosdem
504 2719 657 2792 hilarios
672 2745 797 2794 ramos
812 2723 994 2822 antiquas
1008 2720 1132 2799 referte

137 2865 292 2939 possum
309 2838 508 2936 Plateriq3)
526 2837 806 2912 observationes
826 2840 1065 2914 calculorum
1079 2840 1132 2914 he·

136 2960 365 3057 paucorum,
379 2956 534 3056 tophum
553 2956 1006 3032 coralloidemramoswn
1009 3014 1066 3032 .....
1082 2982 1131 3031 ea·

137 3101 220 3146 vum
232 3080 447 3143 intrinsecus
460 3074 823 3170 repraesentantium,
834 3078 1048 3174 praesertim
1060 3097 1131 3148 cum

137 3191 365 3262 Glissonium
380 3189 435 3287 (4)
451 3190 535 3286 lego
553 3190 761 3287 persimiles
779 3193 819 3262 iu
836 3191 995 3265 bovinis
1002 3194 1130 3290 jecino-

136 3306 240 3378 ribus
268 3306 550 3379 observationes
571 3307 785 3379 tubulorum
804 3323 928 3382 tantoe
941 3308 1129 3410 longitudi·

189 3623 314 3699 rEph.
330 3624 367 3678 N.
379 3623 410 3678 C.
426 3632 502 3677 cent.
519 3621 554 3694 3,
566 3623 631 3679 obs.
646 3621 693 3689 45

186 3724 310 3782 nobs.
328 3721 399 3780 edit.
415 3740 483 3777 eum
497 3721 618 3779 dilucid
630 3723 775 3780 valvular
788 3722 980 3803 iulynphnt.
1003 3731 1050 3796 14.

187 3825 340 3883 3Sehol.
356 3822 408 3879 cit.
425 3823 464 3879 ad
476 3823 542 3878 obs
560 3823 607 3881 ι3.

187 3928 328 3993 4,.Αιιιιῑ
342 3921 411 4008 hep.
430 3943 456 3981 c.
471 3940 499 3994 7·
