2580 4514
145 357 215 430 336
301 381 347 427 ou
372 379 519 427 snmuus
542 381 587 426 rr
611 379 736 426 causis
761 381 974 430 nouroauu

135 517 247 589 quam
264 492 303 561 in
321 492 581 563 nosocomium
600 493 762 580 veniret,
792 518 840 563 an
860 507 1061 591 postquam
1072 516 1115 563 re·

137 610 266 680 nitlsi
280 608 465 705 primum,
485 609 655 705 quinque
670 609 785 706 igitur
798 609 879 682 dies
893 625 1042 682 tantum
1053 609 1119 680 mali

138 729 227 797 sine.
243 727 287 797 iis
318 726 417 796 notis
447 750 529 821 quae
553 727 723 797 comitari
749 726 973 824 sphacelum
997 727 1121 814 solent,

137 843 294 915 delituit.
304 844 340 912 Si
350 841 527 927 alterum,
541 841 734 938 quomodo
746 843 825 915 sine
834 841 1123 915 inflammationis

28 1013 32 1021 -
138 962 265 1058 signis,
286 975 322 1030 et
341 961 420 1031 sine
432 959 578 1030 assidua
594 961 798 1057 praesertim
811 957 918 1033 febre
929 976 1060 1033 ortum
1069 960 1125 1033 est?

136 1082 257 1174 Atque
276 1076 405 1148 eadem
425 1074 502 1147 fere
519 1091 555 1147 te
572 1101 592 1145 a
608 1101 667 1147 me
688 1078 912 1174 interrogari
933 1103 1046 1177 posse
1066 1103 1127 1150 cre-

137 1195 239 1284 dito,
259 1219 346 1266 cum
367 1217 428 1265 eas
453 1218 534 1290 quae
563 1195 837 1290 insequuntur,
856 1193 1128 1268 observationes

136 1313 365 1412 producam,
381 1326 445 1382 aut
463 1336 548 1382 cum
562 1311 664 1382 illam
681 1312 806 1410 Segeri
818 1313 978 1409 legeris,
1000 1339 1082 1412 quae
1099 1314 1129 1382 iu

137 1432 206 1502 hac
219 1428 455 1529 Sepulchreti
471 1431 554 1498 XIV
567 1431 731 1499 sectione
752 1427 807 1526 (ι)
820 1444 931 1501 extat.
952 1432 1129 1503 Nimirum

138 1576 262 1638 senex,
273 1564 516 1647 posteaquam
530 1548 608 1621 dies
618 1548 695 1645 jam
706 1549 852 1647 aliquot
862 1549 909 1620 de
922 1552 1070 1623 ventris
1081 1549 1130 1622 do

139 1666 301 1754 loribus,
315 1666 451 1764 quibus
459 1682 538 1738 erat
548 1666 746 1755 obnoxius,
763 1681 997 1764 conquestus
1010 1665 1129 1753 fuerat,

139 1809 218 1855 non
244 1799 371 1855 tamen
387 1784 480 1857 adeo
502 1784 697 1882 gravibus,
716 1800 758 1855 ut
772 1783 1046 1875 decumberet3
1061 1799 1130 1856 tan·

140 1900 225 1973 dem
252 1902 350 1970 circa
372 1925 566 1998 vesperam
593 1927 638 1972 ex
667 1902 778 1972 horto
813 1926 882 1974 suo
905 1900 1069 1975 domum
1086 1926 1132 1972 re·

138 2018 266 2104 diens,
282 2032 357 2089 tam
376 2018 532 2090 acerbos
548 2042 678 2116 passus
691 2033 772 2106 est,
784 2033 826 2088 ut
838 2017 957 2090 nullis
968 2017 1133 2091 remediis

138 2133 454 2235 proficientibus,
490 2133 626 2205 obierit
662 2133 842 2233 postridie
873 2136 977 2206 circa
1008 2135 1132 2208 horam

139 2268 310 2351 quartam
324 2254 564 2322 matutinam:
583 2266 620 2322 et
636 2253 787 2322 inventa
800 2251 957 2348 quidem
975 2252 1132 2327 summa

137 2375 178 2441 in
206 2385 426 2468 pancreate,
447 2369 637 2465 jecinore,
663 2367 761 2440 liene
789 2350 1009 2465 antiquiora
1035 2370 1132 2456 vitia3

137 2489 202 2561 sed
215 2488 306 2558 illud
316 2511 457 2574 recens,
468 2486 570 2584 quod
583 2492 768 2574 intestina,
776 2492 1131 2584 prcesertr'mtenut'u,

137 2630 220 2678 cum
240 2605 324 2678 colo
349 2610 551 2702 nigerrima
570 2600 686 2676 fuere.
706 2607 805 2674 Num
829 2627 921 2702 ergo
949 2604 1028 2677 hoc
1047 2608 1133 2676 intre

138 2748 274 2824 paucas
303 2722 416 2794 horas
443 2719 582 2793 lactum
608 2736 733 2793 estex
758 2745 836 2818 quo
858 2722 1025 2818 Segerus
1043 2723 1134 2819 justo

137 2842 356 2914 celeriorem
380 2838 681 2938 deprehenderat
704 2840 845 2910 arteriae
873 2853 1027 2911 motum
1042 2840 1058 2910 l
1072 2834 1133 2910 Sed

136 2959 184 3030 de
196 2959 255 3029 his
273 2957 484 3028 videbimus
501 2958 611 3027 etiam
625 2954 721 3026 infra
737 2953 803 3052 (a).
816 2957 927 3027 Nunc
941 2972 987 3028 ut
999 2956 1133 3028 adnos-

136 3091 236 3148 trum
259 3074 583 3147 adolescentulum
603 3074 822 3162 redeamus;
843 3074 875 3144 si
889 3075 1134 3168 constitisset,

137 3217 216 3264 non
235 3218 280 3262 ex
298 3207 438 3263 temere
454 3193 675 3278 vulnerato,
695 3191 760 3262 sed
777 3215 822 3261 ex
840 3206 951 3262 antea
968 3192 1133 3290 disrupto

136 3310 315 3380 intestino
334 3308 606 3407 putidissimam
626 3309 727 3379 illam
748 3308 962 3405 proluviem
985 3307 1131 3381 effusam

131 3441 217 3499 'esse
234 3426 273 3495 in
293 3427 435 3498 ventris
450 3451 602 3514 cavum3
620 3442 712 3497 tunc
733 3422 1132 3526 animi'defectionem,

137 3559 174 3615 et
198 3558 443 3617 consecutum
470 3543 573 3640 hancx
592 3543 737 3615 obitum
760 3538 915 3615 fortasse
939 3542 1131 3628 accidisse,

80 3868 82 3873 ,
175 3827 218 3905 (ι)
239 3828 312 3885 obs.
326 3828 355 3883 6.

176 3928 219 4006 (a)
240 3930 280 3986 Ν.
295 3946 331 4002 ¹9
344 3939 445 4002 etseq.
