2580 4514
24 368 26 372 ’
99 396 167 444 rm.
188 396 244 442 111.
264 396 311 441 nn
328 391 463 441 nuans
481 391 651 456 vaurms,
671 393 783 440 unsr.
802 393 954 441 xxxvnr.
982 366 1050 457 641

48 525 156 581 rant:
175 533 340 606 quorum
356 508 572 579 narratione
587 506 701 604 paulo
719 506 845 593 aliter,
863 524 905 580 ut
923 506 985 597 fit,
1010 508 1057 580 ab
1089 586 1091 590 Α

49 629 96 699 iis
111 627 177 722 qui
194 624 401 696 audiissent
415 640 585 721 accepta,
604 624 712 719 quasi
732 648 776 693 ex
793 625 1059 696 intestinorum
1079 722 1080 726 Ἰ

52 768 145 815 cavo
172 768 222 814 eae
252 742 422 814 vesiculae
452 741 733 838 provenissent,
764 741 906 837 impelli
935 744 1060 838 potuit

52 865 218 932 Aretaeus
249 857 295 929 ad
321 884 364 930 ea
393 858 575 930 continuo
611 856 890 956 subjungenda,
921 859 1061 953 quibus

53 978 311 1048 narrationem
339 975 442 1045 illam
467 975 519 1046 sic
543 989 752 1072 acceptam,
767 958 1062 1071 improbabilem

53 1120 135 1167 esse
157 1092 382 1166 ostenderet.
409 1095 592 1163 Caeterum
612 1093 757 1190 signum
777 1090 881 1189 quod
902 1093 1061 1190 protulit

54 1211 239 1310 hydropis
257 1211 390 1307 hujus,
408 1212 459 1282 sic
482 1209 656 1282 videlicet
681 1209 867 1298 scribens,
889 1216 923 1281 si
941 1210 1061 1282 abdo-

55 1355 141 1402 men
151 1331 402 1427 perseraveris
413 1383 423 1416 ,
435 1354 579 1428 parum
597 1326 802 1398 admodum
823 1327 988 1399 humoris
1005 1329 1061 1419 ef-

42 1447 210 1540 fundes,
233 1448 283 1517 ab
296 1452 474 1535 *interiori
487 1471 649 1542 namque
663 1461 775 1543 parte
793 1453 918 1517 vesica
945 1445 1061 1516 occlu-

57 1571 132 1636 sit:
147 1570 233 1650 atsi
247 1569 285 1633 in
299 1570 460 1635 vesicam
477 1569 757 1633 instrumentum
769 1563 975 1661 impuleris,
998 1569 1063 1634 itc-

58 1707 143 1752 rum
165 1706 294 1752 succus
314 1681 524 1766 emanatio
555 1678 846 1776 insuperabilem
878 1695 1063 1753 monstrat

58 1799 219 1871 tollendi
245 1796 474 1896 ejuscemodi
493 1797 619 1868 morbi
638 1795 917 1887 difficultatem,
939 1800 1011 1875 nisi
1032 1799 1063 1871 si

59 1915 157 1987 forte
175 1941 252 1986 uno
274 1917 313 1986 in
331 1915 416 1988 loco
429 1917 580 2014 positae,
598 1931 710 2013 atque
730 1916 780 1986 ita
798 1914 984 2013 dispositae
1006 1940 1063 1993 es·

63 2049 146 2107 sent
158 2033 347 2124 vesiculae,
370 2050 411 2106 ut
430 2037 469 2104 in
484 2030 546 2104 illa
562 2034 713 2128 Tysonii
731 2031 867 2104 femina
883 2032 937 2130 (ι)
954 2038 1063 2103 item-

61 2153 201 2250 quein
229 2152 368 2222 rustico
397 2150 608 2246 hydropico
639 2147 742 2246 apud
759 2150 1061 2246 ,nivariumpm

59 2292 280 2367 quanquam
299 2267 338 2335 in
358 2267 576 2338 universum
594 2263 659 2334 ubi
679 2290 724 2335 ex
741 2262 982 2361 hydatidibus
1001 2280 1064 2340 aut

61 2408 150 2460 cum
168 2382 407 2481 hydatidibus
427 2381 595 2480 hydrops
608 2395 681 2468 est,
702 2383 992 2481 cujusquemodi
1006 2383 1063 2457 hac
1135 2396 1139 2401 '

61 2507 209 2602 generis
228 2509 325 2590 sint,
343 2501 459 2572 modo
476 2499 601 2570 multae
619 2502 693 2573 sint
711 2517 774 2574 aut
793 2526 953 2599 magnae,
972 2500 1065 2576 frus·

61 2619 120 2716 tra
140 2619 328 2706 abdomen
346 2617 568 2717 perforatur.
582 2623 676 2692 Nam
696 2621 1065 2718 praeterquamquod

63 2738 234 2835 quaejam
251 2737 496 2827 dissilierunt,
512 2747 669 2835 pergere
687 2754 845 2834 possunt
863 2736 1065 2809 humorem

65 2842 283 2941 effundere,
300 2871 435 2953 aperta
452 2880 529 2924 una
548 2860 693 2944 vesica,
712 2869 753 2926 ut
764 2854 897 2952 Tulpio
914 2855 1066 2953 (3)'prae·

64 2988 197 3060 eunte,
217 2987 319 3042 recte
346 2971 543 3043 admonuit
559 2972 721 3043 Thomas
738 2971 977 3043 Bartholinus
992 2971 1046 3068 (4)

63 3088 227 3186 reliquas
243 3114 319 3159 non
340 3104 516 3178 evacuat,
542 3114 758 3186 quanquam
778 3088 993 3160 cohaereant
1001 3115 1065 3159 ra·

64 3231 253 3278 aemorum
278 3231 358 3278 uvae
386 3213 423 3276 in
447 3226 606 3295 morem3
630 3232 708 3278 uon
729 3205 843 3276 modo
868 3206 897 3278 si
913 3207 991 3277 aliae
1017 3206 1065 3279 ab

63 3324 146 3395 aliis
166 3323 359 3418 disjunctae
378 3327 462 3395 sint.
483 3329 613 3421 Itaque
626 3323 673 3394 ad
688 3323 776 3396 alias
790 3347 917 3396 causas
936 3350 1004 3396 cur
1022 3347 1066 3395 ea

121 3667 133 3702 1
171 3648 249 3703 Ibid.

101 3645 133 3821 ἑο
168 3747 241 3803 Obs.
255 3745 335 3802 hinc.
345 3746 407 3801 ind.
423 3746 555 3823 decerpt.
571 3744 625 3804 15„

104 3844 135 3919 (3
170 3848 252 3917 L.a,
271 3846 335 3901 obs.
349 3846 427 3902 med.
440 3864 468 3904 c.
481 3844 529 3913 34.

103 3944 135 4022 <l

138 3646 150 3723 )

136 3745 148 3822 )

136 3846 149 4023 l
168 3948 236 4003 Act.
253 3945 415 4006 Hafa-vol.
431 3964 462 4019 1,
478 3945 545 4002 obs.
557 3944 587 4002 8·
630 3939 633 3944 ’

139 4049 163 4132 lt
