2580 4514
163 361 210 433 32
310 384 356 431 on
374 382 530 439 ,sumnus
555 382 599 428 nr
624 378 750 430 causis
776 380 1000 430 nonnonnu

138 499 295 570 asciticae
315 521 409 568 anus
429 494 488 568 his
514 496 604 594 ipsis
624 494 758 566 litteris
781 495 840 593 (1)
858 512 1075 568 memorata
1096 510 1148 569 est.

137 615 262 687 Habet
281 616 383 687 enim
405 615 516 685 etiam
543 629 672 685 uterus
693 612 901 711 hydatides
925 640 1015 688 suas
1039 641 1082 687 eo
1103 617 1151 686 in-

140 733 291 804 terdum
311 757 473 802 numero
489 756 603 828 quern
622 731 709 802 satis
732 730 910 805 indicant
934 733 1153 806 observatio

39 874 42 880 ·
138 875 207 922 nes
226 848 393 948 Adolphi
407 850 569 921 Occonis
586 847 660 946 (2),
677 864 714 920 et
735 848 779 920 cl.
797 849 942 922 Adami
963 852 1154 924 Christiani

138 967 312 1039 Thebesii
331 976 343 1049 (
349 966 406 1061 3),
423 991 466 1038 ea
491 982 617 1038 autem
645 968 939 1065 magnitudine,
968 985 1013 1041 ut
1032 996 1153 1058 unam,

140 1086 236 1156 sicut
253 1085 342 1155 alias
357 1083 414 1180 (4)
435 1084 505 1155 tibi
518 1085 703 1172 indicavi,
729 1084 868 1157 viderit
898 1089 1082 1162 Coiterus
1095 1088 1153 1186 (5),

140 1227 189 1274 ea
206 1206 370 1271 matricis
389 1201 478 1272 colli
494 1201 650 1273 dextero
670 1200 788 1273 latere
796 1221 1078 1301 prognatam,
1096 1232 1153 1276 na-

143 1319 260 1391 tarali
275 1325 399 1391 vesica
414 1318 532 1419 duplo
547 1325 658 1416 quasi
668 1322 871 1417 majorem,
890 1323 1013 1413 lotio,
1031 1327 1106 1397 sive
1120 1338 1153 1394 ut

142 1438 268 1508 verius
285 1434 383 1507 infra
402 1436 594 1534 loquitur,
613 1461 717 1534 aqua
734 1438 1073 1540 tonailacidaqne
1083 1440 1153 1539 ple-

143 1560 351 1640 nissimam,
373 1568 409 1635 et
430 1552 579 1630 duabus
605 1559 738 1624 tunicis
757 1570 802 1632 at,
814 1559 1016 1630 naturalis
1043 1565 1154 1632 vesica

137 1671 367 1770 praeditam,
386 1670 455 1741 sed
480 1669 585 1753 nullo
614 1687 740 1742 meatu
766 1698 912 1769 aquam
945 1677 1018 1748 vel
1037 1683 1154 1748 immit-

146 1804 266 1873 tente,
282 1786 348 1859 vel
359 1793 555 1882 emittente.
573 1788 644 1860 Sed
662 1805 698 1860 et
711 1791 897 1886 jecinoris
916 1809 958 1865 et
974 1795 1087 1867 lienis
1100 1794 1155 1865 hu·

142 1904 355 2002 juscemodi
375 1906 586 1992 cicatrieeS,
603 1922 645 1977 ut
666 1922 758 2004 puta
775 1932 890 2004 quam
908 1910 953 1980 in
976 1912 1071 1984 nob.
1095 1915 1154 1981 vir-

146 2023 233 2120 gine
266 2021 463 2120 descripsit
491 2022 799 2104 Hoechstetterus
826 2025 882 2119 (6)
908 2026 926 2123 (
952 2029 1154 2100 cavendum

147 2141 247 2213 enim
271 2156 325 2212 est
345 2167 392 2213 ne
411 2140 551 2213 fissurae
570 2141 742 2239 quaedam
758 2166 829 2214 nos
852 2141 1155 2245 decipiant,qna

149 2282 244 2356 saepe
262 2283 282 2328 a
300 2258 516 2356 primordiis
535 2264 709 2351 exstant)
731 2259 846 2349 tales,
867 2261 1057 2358 inquam,
1081 2267 1158 2335 cica-

163 2377 260 2471 ric'es
279 2376 466 2449 consimili
487 2375 601 2447 modo
628 2377 806 2474 explicari
837 2393 1043 2474 poterunt.
1076 2386 1156 2454 Nam

150 2495 345 2594 utriusque
380 2492 762 2590 viscerishydatides
790 2492 850 2565 vel
881 2493 1156 2596 frequentiores

147 2626 374 2698 occurrunt,
388 2612 464 2681 sive
476 2612 633 2681 omnino
650 2611 812 2681 exterius
835 2611 993 2706 adsitae,
1015 2620 1151 2716 qualem

88 2830 92 2837 ὀ
146 2729 186 2800 iu
216 2753 398 2826 suspenso
425 2729 598 2799 Coiterus
622 2727 676 2825 (7)
704 2729 772 2798 sab
792 2727 891 2800 liene
908 2732 1156 2832 deprehendit

147 2846 309 2918 duorum
324 2869 542 2944 pugnorum
570 2843 827 2942 magnitudine
856 2873 969 2946 aqua
992 2855 1156 2952 plenissi-

146 2991 246 3038 mam
256 3019 267 3052 ,
290 2979 327 3035 et
346 2989 372 3036 a
390 2967 521 3035 vicinis
530 2965 707 3061 partibas
722 2963 867 3060 absque
883 2965 1046 3065 laesione
1060 2999 1155 3074 sepa.

254 3532 331 3612 Eph.
343 3537 382 3590 N.
398 3536 431 3590 C.
446 3545 524 3593 cent·
539 3535 554 3590 3
567 3547 600 3590 et
613 3544 651 3607 4,
666 3535 729 3591 obs.
748 3556 815 3607 117.

256 3624 350 3711 Epist.
368 3632 420 3704 16,
438 3654 467 3689 n.
487 3635 535 3690 33.

124 3919 126 3923 A
258 3835 413 3910 Sepulchr.
430 3853 452 3890 s.
467 3833 506 3890 cit
519 3833 583 3890 obs.
604 3852 656 3906 12,
671 3837 685 3904 s
703 3850 731 3887 a.

188 3936 230 4020 (7)
252 3938 325 3995 0bs.
339 3955 377 3992 an
387 3946 427 3990 at.
438 3933 489 3990 ait.
