2580 4514
139 305 209 382 518
302 331 348 378 na
374 328 518 378 sumans
543 331 587 377 m
613 330 736 378 causis
763 332 977 380 monnonuu

137 469 251 544 quam
274 442 320 515 ad
349 467 413 517 eos
435 467 505 542 pro
528 458 631 515 certo
651 445 944 544 cognoscendos
963 434 1042 546 apta
1056 472 1113 521 esse
1162 430 1164 513 l

137 588 352 663 conqueror
366 567 429 663 (1).
451 564 560 655 Quod
581 567 611 637 si
637 567 675 636 in
699 567 988 666 suspicionibus
1006 567 1116 639 subsis-

137 684 292 754 tendum
305 699 370 783 est3
381 682 590 756 nonsolum
603 684 831 756 commendo
843 684 983 784 quibis
995 674 1118 784 pondus

138 800 288 898 aliquod
303 794 438 872 adeler'e
450 803 822 900 nituntur,augentes
834 818 1041 875 numerum
1051 800 1119 872 iudi·

138 919 280 990 ciorum
301 946 309 987 ε
331 919 395 991 sed
406 921 503 991 inter
516 920 748 992 illosnomen
769 902 1121 1019 ipseq'uoqueproi

137 1051 218 1137 teor
232 1062 370 1108 meum.
386 1040 515 1135 Itaque
529 1039 595 1108 etsi
609 1039 720 1135 cystis
737 1037 889 1137 lapillos
901 1063 984 1109 non
1000 1061 1121 1136 semper

138 1179 222 1226 cum
238 1153 313 1227 bile
329 1155 616 1252 conjungi,scio
625 1209 637 1244 ,
653 1181 734 1252 quae
746 1179 946 1226 amurcam
970 1155 1120 1240 imitetur,

137 1297 206 1344 nec
233 1297 380 1371 semper
406 1296 488 1343 cum
518 1273 693 1345 urinariis
722 1271 902 1362 calculis3
922 1287 1051 1347 tamen
1074 1297 1119 1343 ne·

138 1417 211 1489 que
231 1378 341 1487 Sylvii
359 1391 627 1488 suspicionem,
640 1415 751 1488 quam
765 1392 803 1460 in
817 1391 1071 1489 Sepulchreto
1082 1387 1120 1486 (a)

138 1496 246 1578 etiam
278 1506 416 1598 habes,
443 1504 600 1579 omnino
619 1506 871 1611 spernendam
895 1533 982 1581 osse
1010 1507 1121 1595 credo,

137 1627 299 1696 verentis
325 1626 459 1722 nequi
486 1625 714 1721 ejuscemodi
746 1625 863 1698 bilem
894 1638 1075 1714 vomunt,
1093 1625 1121 1694 in

139 1767 269 1814 eorum
284 1745 375 1840 cysti
393 1743 507 1841 lapilli
525 1758 788 1831 concrescant,
805 1769 936 1842 neque
957 1769 1074 1821 meam
1086 1742 1122 1813 al·

139 1874 255 1929 teram
281 1857 348 1930 tibi
374 1861 624 1958 suspicionem
661 1859 906 1933 reticendam.
933 1866 1023 1962 Ipse
1045 1861 1121 1933 enin

139 1997 224 2044 cum
245 1989 377 2072 prater
391 1974 474 2046 illos
492 1977 592 2074 'quo's
603 1976 713 2047 simul
729 1975 868 2064 felleis,
886 1979 1005 2050 simul
1022 1978 1123 2050 urina·

140 2092 203 2161 riis
224 2092 374 2163 calculis
391 2091 576 2164 obnoxios
593 2094 682 2165 alias
694 2093 747 2189 (3)
763 2119 784 2165 a
800 2120 863 2166 me
876 2096 985 2168 visos
1002 2118 1122 2168 memo

139 2209 240 2296 ravi,
266 2209 357 2280 alios
378 2234 530 2306 quoque
545 2209 720 2298 viderim,
738 2211 830 2283 alios
848 2211 1033 2311 legerim,
1050 2215 1124 2283 inter

140 2325 362 2397 versandum
378 2340 503 2398 autem
519 2327 605 2418 eas,
618 2353 775 2426 quarum
792 2345 903 2426 parte
919 2331 961 2401 in
981 2330 1041 2404 his
1055 2330 1126 2402 litte·

141 2445 192 2514 ris
202 2442 360 2537 subinde
375 2466 464 2516 usus
479 2469 579 2535 sum,
597 2444 878 2518 observationes
890 2501 901 2537 ,
915 2445 1127 2549 quampluri·

73 2595 77 2600 ·
142 2548 223 2633 mos
235 2560 602 2660 pariterinvenerim3
615 2590 692 2635 non
706 2561 859 2636 fortuito
880 2563 965 2638 haec
979 2566 1125 2639 accidere

142 2674 248 2749 facile
264 2678 440 2750 intellexi.
456 2684 506 2767 Ex
518 2681 562 2750 iis
574 2705 670 2777 quos
681 2684 732 2752 sic
744 2678 903 2752 affectos
916 2683 1014 2781 legi,
1029 2704 1126 2755 unum

74 2823 81 2839 ·
142 2793 243 2866 haud
261 2796 451 2884 omittam,
469 2795 624 2896 dignum
640 2822 715 2897 prae
729 2799 870 2870 caeteris
886 2802 956 2898 qui
969 2801 1021 2874 ob
1032 2800 1125 2874 suain

142 2913 325 2985 medicam
355 2914 579 2984 Facultatem
614 2918 744 2987 merita
781 2936 1126 3000 commemoretur,

142 3012 362 3100 Michaelem
378 3033 584 3101 Mercatum
600 3031 664 3130 (4).
682 3036 748 3104 Hic
766 3033 1126 3131 nephriticiscrucia·

143 3143 243 3218 tibus
255 3144 467 3236 confectus,
481 3173 565 3218 cum
580 3150 720 3249 lapides
735 3150 853 3240 duos,
868 3177 943 3222 nec
956 3151 1126 3252 parvulos,

180 3470 224 3549 (1)
245 3472 314 3528 Vid.
328 3492 360 3528 n.
376 3475 424 3531 36.

182 3572 226 3650 (a)
247 3575 280 3653 L,
297 3573 331 3642 3,
347 3593 370 3628 s.
389 3575 438 3645 18,
455 3575 519 3632 obs,
533 3597 562 3652 9·

181 3650 230 3750 ,ll
246 3674 338 3748 Epist.
352 3685 430 3729 anat.
451 3696 475 3745 ι,
491 3696 520 3730 n.
537 3678 583 3741 tt.

184 3769 224 3850 (t)
246 3773 314 3828 vid.
330 3771 393 3844 ejus
405 3774 510 3845 vitam,
528 3787 556 3830 et
573 3775 738 3833 testimonia
750 3777 972 3852 Metallothecae
983 3780 1071 3853 ejusd.
1085 3776 1129 3831 Vt·

143 3869 244 3926 ticanae
254 3871 382 3944 praefixa.
