2580 4514
172 342 252 392 ιιι.
275 343 332 393 ιιι.
361 343 409 392 ιι
434 286 761 406 montismuri,
786 343 898 391 rrtsr.
920 324 1043 390 xxxiv.
1073 325 1145 418 ’πίῃ

119 455 445 555 Spigelirrm(r)et
455 455 656 527 Riolanum
667 454 747 554 (ῆι
762 430 1040 553 quibustamen
1055 481 1143 529 con·

121 585 181 647 tm
208 598 255 647 ac
277 573 454 647 Valsalvoe
471 587 507 645 et
519 571 631 646 nobis
644 573 795 645 videtur
813 577 944 673 saepins
958 575 1071 648 colon
1082 599 1144 647 oe·

119 691 301 765 nutrisse
327 691 434 763 valde
459 692 498 761 in
522 688 598 761 fine
622 689 852 781 flexuosum,
879 695 1000 765 rarius
1028 693 1146 765 ducttt
1239 774 1240 778 Ἰ

123 806 380 906 simpliciore.
414 810 555 902 Verum
590 824 795 906 utcumque
831 809 870 879 id
902 827 979 899 est,
1005 835 1092 882 cum
1119 811 1145 882 ii

123 924 255 998 flexus
284 927 324 996 in
349 924 575 1023 quibusdam
592 921 683 997 'non
708 925 823 997 modo
850 952 980 1000 versus
1004 929 1144 1026 inguen

124 1042 336 1116 dexterum
354 1042 467 1115 colon
481 1032 705 1132 exteritlan13
724 1042 787 1115 setl
805 1045 1015 1135 interdurn,
1033 1055 1075 1116 ut
1091 1047 1144 1116 vi·

124 1160 282 1244 dimus,
295 1159 349 1267 ⁸td
369 1159 626 1232 umbilicalern
649 1161 841 1258 'regionem
862 1162 1034 1233 attollant
1051 1161 1145 1234 ilatis

125 1275 209 1349 bus
238 1279 444 1375 praesertim
473 1276 687 1374 turgidumr
718 1277 808 1348 hinc
837 1293 937 1350 certe
967 1293 1144 1378 apparet,

126 1419 252 1493 quam
269 1393 376 1467 facile
397 1394 509 1466 dolor
527 1397 649 1492 quiin
669 1420 716 1467 eo
733 1396 797 1483 sit,
815 1412 956 1468 temere
981 1412 1072 1468 tunc
1096 1396 1144 1468 nd

127 1525 252 1585 tenne
276 1513 522 1599 intestinum,
549 1514 656 1607 cujus
676 1513 745 1585 illae
762 1528 849 1587 sunt
867 1513 992 1602 sedes,
1013 1511 1146 1585 referri

128 1630 267 1726 possit.
298 1633 379 1700 Hoc
404 1631 519 1728 igitur
547 1631 767 1700 varietatum
795 1647 999 1729 utrumque
1026 1656 1145 1728 genus

128 1747 295 1819 minime
322 1744 543 1844 infrequens
567 1763 622 1819 est
646 1749 722 1819 sive
753 1771 774 1819 a
802 1749 1040 1847 primordiis,
1068 1748 1143 1832 sive

128 1863 309 1936 amorbo
332 1866 464 1954 etiam,
484 1863 589 1962 quod
617 1866 763 1967 Rinlani
792 1865 847 1963 (3)
872 1866 985 1937 verba
1015 1864 1143 1938 subin·

130 1980 266 2054 dicant
285 1983 414 2072 z-vidt,
431 1983 577 2081 inquit,
599 1984 720 2054 colum
745 1990 956 2056 intestinum
975 1985 1142 2080 interje-

129 2123 203 2171 eur
219 2116 259 2171 et
280 2100 444 2198 splenem
471 2125 559 2172 non·
574 2100 710 2173 directe
736 2117 978 2199 protensam,
1010 2101 1079 2172 red
1103 2107 1143 2172 in

131 2222 171 2290 S.
194 2222 360 2289 Romani
384 2218 537 2290 modum
558 2221 761 2317 inflexum,
789 2235 826 2290 et
854 2218 910 2288 ad
930 2217 1142 2290 umbilicum

131 2348 252 2432 risque
263 2350 482 2408 rnotnrsun
499 2363 507 2405 ε
526 2336 711 2434 Spigelius
727 2352 849 2408 autent
865 2336 920 2432 (4)
933 2336 990 2408 vel
1005 2336 1142 2408 clarius

131 2468 170 2527 et
188 2454 488 2552 magisuniverse
506 2453 694 2538 scribens,
712 2454 812 2531 idem
823 2455 1055 2543 intestinum,
1069 2454 1137 2540 ait,

124 2584 277 2669 praeter
290 2585 465 2643 naturam
483 2578 522 2642 in
542 2571 665 2643 colitis
684 2570 899 2659 doloribus,
923 2570 1015 2642 ditm
1030 2572 1140 2668 flati-

129 2689 199 2761 bus
217 2687 461 2776 distenditur,
479 2714 499 2761 e
517 2715 586 2761 sua
602 2689 690 2761 tede
709 2688 879 2791 adturali
892 2691 1006 2760 abire.
1027 2687 1139 2778 Quod

127 2807 160 2881 ti
177 2804 229 2878 ob
242 2805 340 2877 hanc
354 2831 502 2879 causam
514 2805 692 2880 accidisse
717 2808 824 2894 velis,
852 2821 895 2876 ut
910 2808 950 2877 in
965 2804 1140 2903 apoplee·

127 2922 203 2998 lica
222 2923 378 2996 muliere
392 2922 447 3021 (5)
460 2950 543 3022 quae
558 2926 602 2996 iis
616 2921 734 2995 fuerat
748 2922 947 2995 doloribus
963 2920 1139 3008 obnoxia,

128 3041 246 3115 roton
266 3042 475 3113 invenerim
495 3067 574 3113 non
591 3041 706 3117 modo
727 3066 812 3113 cum
831 3043 960 3140 paucis
969 3042 1140 3138 rarisque

128 3158 298 3248 cellulis,
332 3159 398 3231 sed
434 3161 545 3243 etiam
575 3159 822 3259 amplioribus
857 3179 974 3257 quarn
1001 3160 1139 3245 soleat,

236 3500 282 3556 De
298 3499 379 3555 hum
397 3518 479 3576 corp.
494 3501 571 3557 fabr.
589 3503 610 3556 l.
623 3500 658 3572 8,
672 3452 744 3557 815.

235 3601 443 3679 Anthropogr.
462 3602 481 3657 l.
499 3619 533 3672 2,
552 3621 576 3659 c
594 3608 638 3668 14.

203 3499 217 3576 )

201 3598 214 3676 l

201 3699 280 3774 )

205 3797 274 3867 l.-

202 3896 215 3974 l

182 3896 200 3954 5
235 3887 333 3974 Epist.
353 3898 431 3969 3,n.
447 3917 476 3955 ι.
