2580 4514
110 359 158 456 54'
276 394 322 440 na
349 393 494 440 suemus
520 394 563 439 er
589 392 712 440 causis
738 392 946 440 uonaouurr

107 506 219 593 dum,
234 507 389 576 excitata
407 505 455 575 ab
470 505 768 601 ejusmodimibis
785 507 993 604 incongrua
1005 503 1113 577 effer-

105 623 311 710 vescentia,
330 638 569 693 consecutam
587 647 665 694 esse
686 638 825 695 tantam
851 624 952 694 illam
968 625 1110 694 ventri-

106 740 182 812 culi
210 739 498 827 distentionem,
528 764 610 836 quae
637 739 751 835 hujus
782 738 991 838 sanguifera
1022 764 1108 809 vasa

106 856 414 954 comprimendo,
434 858 607 954 sanguini
635 857 805 952 injecerit
824 882 985 946 moram,
1005 857 1110 928 unde

103 972 346 1044 inflammatio
359 990 395 1046 et
413 972 461 1044 ab
478 972 550 1044 hac
566 973 883 1046 stomachicorum
901 998 1106 1046 nervorum

102 1091 286 1177 irritatio,
307 1090 408 1163 unde
430 1114 609 1187 syncope.
638 1094 780 1162 Verum
799 1107 840 1162 ut
860 1091 906 1162 de
925 1091 1108 1162 castaneis

104 1232 307 1305 eartrmque
320 1207 476 1278 inflandi
495 1209 532 1277 vi
544 1209 774 1305 experientia
791 1207 1014 1306 comprobet
1025 1232 1107 1304 quae

102 1323 278 1422 Diphilus
297 1340 333 1396 et
352 1325 592 1396 Mnesithaeus
619 1326 724 1395 aiunt
747 1325 849 1422 apud
870 1324 1106 1396 Ludovicum

101 1440 381 1536 Nonnium(r);
399 1441 548 1512 easdem
566 1457 692 1512 tamen
710 1443 838 1514 multis
856 1443 1000 1540 Alpinis
1013 1468 1105 1540 gen-

101 1558 202 1630 tibus
221 1560 259 1628 in
273 1555 576 1655 frequentissimo
587 1583 657 1630 usu
671 1583 771 1646 esse,
789 1585 913 1656 neque
926 1559 1025 1630 idem
1039 1586 1105 1631 ne·

103 1691 164 1775 gat
174 1692 210 1747 et
223 1676 341 1772 vulgo
354 1701 433 1747 nou
455 1676 667 1773 ignoratur,
688 1677 764 1746 imo
781 1678 904 1775 parari
927 1678 1037 1747 etiam
1060 1703 1106 1748 ex

100 1793 250 1864 illarum
275 1791 393 1864 farina
416 1816 573 1892 panem,
601 1817 678 1891 quo
702 1808 901 1866 vescantur
921 1795 988 1864 ubi
1007 1796 1104 1890 ipsa·

103 1935 188 1981 rum
203 1964 213 1998 ‚
229 1925 271 1981 ut
287 1914 468 1983 Aventius
484 1936 638 2009 quoque
658 1911 713 2008 (a)
727 1911 874 1997 scribit,
891 1916 1002 2009 copia
1019 1936 1103 2009 sup-

94 2034 202 2126 petit.
219 2031 317 2100 Num
331 2030 445 2126 igitur
458 2053 557 2128 caepa
575 2029 621 2099 ad
629 2028 822 2124 ejusmodi
840 2053 977 2125 panem
998 2028 1104 2099 addi-

100 2145 263 2233 ta,·dum
280 2147 484 2217 acrimonia
508 2171 572 2219 sua
590 2170 730 2218 crassas
747 2161 1003 2217 castanearum
1019 2172 1122 2243 par·.

11 2290 18 2317 ·-
100 2265 234 2337 ticulas
255 2267 481 2355 incidendo,
502 2267 657 2338 nimiam
677 2268 773 2338 acris
791 2267 937 2364 copiam
958 2266 1104 2356 educit,

103 2381 165 2452 hic
190 2383 301 2455 nobis
320 2385 530 2458 accusanda
546 2400 601 2457 est
619 2386 634 2454 t
650 2386 758 2482 quasi
780 2408 871 2455 vero
892 2409 972 2455 non
988 2383 1103 2455 iidem

104 2500 143 2570 in
153 2501 311 2598 Alpibus
321 2504 452 2574 rustici
468 2527 602 2601 caepas,
624 2517 665 2573 ut
681 2527 741 2573 res
757 2500 839 2589 fert,
853 2526 938 2572 cum
949 2527 994 2572 eo
1005 2527 1102 2599 pane

103 2617 385 2691 manducarent.
399 2621 559 2692 atenim
575 2619 803 2690 mulierculae
813 2618 921 2705 huic,
941 2634 983 2690 ut
998 2620 1103 2690 vide-

104 2749 186 2823 tur,
206 2737 414 2810 inassuetus
431 2753 467 2808 et
485 2735 672 2809 infirmior
691 2735 844 2808 fortasse
865 2735 1103 2825 stomachus3

103 2851 177 2922 iilis
192 2877 282 2923 vero
297 2853 414 2942 dura,
432 2870 475 2926 ut
493 2857 669 2927 Horatius
682 2853 736 2951 (3)
754 2855 942 2952 loquitur,
964 2879 1102 2924 messo-

103 2992 185 3039 rum
209 2970 286 3041 ilia.
313 2972 435 3043 Credo
465 2972 640 3070 equidem
666 2972 745 3043 haec
772 2972 892 3043 multo
917 2972 961 3042 iis
985 2973 1104 3069 magis

102 3087 170 3184 qui
183 3088 379 3160 mulierem
390 3107 552 3180 norant,
565 3113 679 3188 quam
689 3089 800 3162 nobis
815 3090 964 3187 cognita
976 3085 1100 3160 fuisse.

100 3202 210 3276 Unde
221 3230 313 3303 ergo
327 3210 464 3280 veneni
482 3208 664 3306 suspicio,
682 3231 768 3278 cum
782 3207 861 3279 haec
881 3208 1008 3278 omnia
1021 3232 1100 3278 non

101 3322 352 3419 ignorarent?
380 3325 492 3416 Quod
518 3326 551 3395 si
575 3324 710 3395 mulier
739 3324 867 3397 saltem
900 3324 1101 3394 immodica

17 3496 24 3517 .
100 3439 182 3534 ejus
196 3439 270 3512 cibi
283 3441 392 3538 copia
406 3466 445 3515 se
456 3443 736 3539 ingurgitasset,
754 3443 882 3513 minus
893 3442 939 3513 de
950 3467 1099 3512 veneno

99 3620 272 3637 tw-—u-—a-

139 3742 183 3821 (ι)
202 3744 317 3800 Diaetet.
332 3746 353 3800 l.
374 3762 400 3811 1,
417 3763 443 3798 c.
458 3740 505 3807 45.

137 3841 183 3921 (a)
201 3844 273 3901 Not.
286 3843 325 3900 ad
336 3841 430 3899 Fierre
443 3859 573 3915 coenam,
585 3843 638 3899 ubi
650 3843 687 3900 de
698 3860 775 3917 pane
788 3861 850 3898 non
864 3843 1076 3900 frumentacco.

134 3940 181 4021 tn
200 3942 296 4019 nn.
311 3942 338 3999 ³·
446 3950 451 3960 ·

114 4102 188 4137 ..a
