2580 4514
146 372 216 445 180
309 397 356 444 nr
382 395 528 443 srnmus
552 398 597 442 rr
622 397 746 443 causrs
772 397 983 447 nonnosum

141 512 218 583 sive
242 508 334 582 dum
360 535 427 608 per
449 510 511 580 ani
529 510 717 606 angustias
742 510 878 597 exiret,
899 511 977 584 sive
993 512 1116 582 tandem
1166 516 1179 587 'i

140 643 343 727 postquam
372 630 530 716 exierat,
555 653 624 726 per
650 652 783 698 manus
811 629 910 724 ipsas
934 630 1119 699 examinan-
1169 636 1179 677 ἒ

139 746 246 817 tium.
275 751 489 843 Utcumque
515 745 651 832 idest,
678 744 744 816 ubi
768 761 903 816 cuncta
922 745 1123 844 perlegeris,
1177 784 1179 795 ·

140 863 328 962 quidquid
345 864 448 937 hisce
477 861 806 936 observationibus
826 861 997 934 dandum
1023 862 1126 935 existi

139 984 322 1055 maveris:
343 1008 487 1080 perure
505 983 606 1054 enim
621 980 690 1052 tibi
704 979 867 1051 liberum
885 995 941 1051 est
959 982 1038 1052 sive
1058 1004 1127 1051 cum

139 1099 432 1199 accipientibus,
458 1102 534 1172 sive
551 1124 638 1170 cum
659 1096 938 1185 dubitantibus,
966 1099 1044 1169 sive
1061 1122 1132 1169 cum

138 1219 281 1316 aliquid
310 1216 607 1290 concedentibus
635 1215 779 1301 facere;
810 1215 957 1315 minus,
989 1220 1134 1314 opinor,

139 1335 357 1422 miraberis,
392 1337 422 1408 si
455 1360 551 1432 quos
579 1333 836 1430 dysentericos
860 1332 920 1403 vel
945 1348 1136 1430 postquam

137 1476 246 1525 veras
275 1478 321 1525 ex
345 1452 533 1525 intestinis
558 1465 623 1522 aut
645 1448 905 1536 membranas,
925 1463 991 1520 aut
1012 1474 1137 1520 carun·

141 1569 243 1641 cuias
261 1570 485 1666 egesserint,
510 1568 669 1668 posthac
692 1565 878 1639 audiveris
893 1568 1064 1639 evasisse.

189 1713 245 1784 27.
273 1690 350 1758 Etsi
383 1685 430 1757 de
465 1686 677 1784 dysenteria
709 1685 831 1755 multo
855 1683 965 1782 plura
994 1686 1139 1782 scripsi,

139 1829 254 1904 quarn
291 1805 398 1875 initio
433 1806 728 1891 constitueram,
768 1817 891 1874 tamen
924 1802 1139 1900 priusquam

138 1921 254 1994 finem
275 1917 390 2010 facio,
416 1921 559 2021 aliquid
576 1921 699 2020 placet
723 1919 860 1993 addere
880 1918 928 1991 de
952 1933 1139 2004 tenesmo,

137 2065 217 2111 non
239 2056 281 2112 ut
299 2041 338 2110 in
354 2038 601 2137 Sepulchreto
615 2036 986 2135 (1)hicfierivideo,
1003 2036 1053 2109 ab
1068 2036 1140 2108 aliis

74 2256 77 2261 .
140 2159 278 2242 causis,
298 2157 345 2230 de
363 2157 503 2255 quibus
521 2158 610 2230 alibi
630 2157 795 2246 dicetur,
815 2155 880 2229 sed
898 2154 947 2226 ab
972 2154 1139 2253 dysente-

138 2277 194 2346 ria
219 2274 401 2347 duntaxat
427 2275 543 2349 illato.
570 2276 693 2349 Credo
716 2274 891 2373 equidem
922 2273 963 2343 in
989 2272 1140 2370 hujusce

137 2390 261 2466 fluxus
278 2390 371 2480 fine,
387 2395 517 2494 inquo
535 2395 756 2467 intestinum
767 2406 913 2465 rectum
931 2390 979 2462 ad
990 2416 1140 2489 egeren-

136 2509 229 2581 dum
252 2512 440 2599 irritatur,
470 2536 566 2611 saepe
591 2512 633 2585 in
661 2513 752 2583 vitio
780 2508 948 2606 ejusdem
978 2508 1141 2582 intestini

138 2653 218 2699 non
229 2630 453 2719 consistere,
468 2629 534 2702 sed
547 2629 594 2701 ab
610 2630 777 2728 reliquiis
792 2629 993 2726 provenire
1004 2628 1141 2699 acrium

137 2771 359 2836 mucorum,
378 2764 415 2819 et
434 2748 646 2846 sanguinis,
663 2748 694 2820 si
714 2745 827 2842 hujus
847 2748 1057 2844 praesertim
1080 2743 1144 2815 ob-

137 2864 279 2937 soletus
305 2867 345 2937 in
372 2867 492 2937 mucis
518 2867 566 2937 sit
591 2864 717 2951 color,
745 2867 784 2936 iu
811 2863 956 2935 cellulis
982 2862 1142 2961 proximi

136 2980 306 3054 intestini
323 2984 397 3053 coli
423 2982 701 3070 restitantibus‚
727 2981 776 3052 ab
805 2983 926 3079 iisque
944 2981 1143 3078 paulatim,

137 3111 176 3170 ct
189 3097 395 3172 identidem
407 3127 476 3198 per
493 3116 639 3173 rectum
657 3099 703 3172 ad
725 3114 871 3198 partem
884 3092 1002 3194 hujus
1014 3100 1142 3187 imam,

137 3230 175 3287 et
192 3217 410 3290 irritationis
428 3221 552 3292 minus
571 3218 776 3316 patientem
799 3215 980 3288 demissis.
1004 3218 1141 3288 Mirum

137 3333 243 3406 dictu
259 3351 333 3425 est,
351 3360 465 3433 quam
483 3335 547 3407 diu
565 3335 753 3433 quaedam,
774 3360 852 3405 non
873 3357 995 3432 pauca
1013 3337 1142 3421 etiam,

136 3476 209 3523 nec
225 3475 293 3549 per
310 3477 348 3524 se
367 3451 525 3541 viscida,
544 3453 590 3522 in·
605 3452 679 3524 coli
698 3451 842 3523 cellulis
864 3449 1077 3525 substitisse
1096 3452 1142 3520 vi·

135 3566 308 3643 deantur.
331 3569 536 3661 Quaesitum
557 3584 612 3642 est
630 3595 674 3641 ex
692 3593 774 3659 me,
791 3593 894 3640 anno
916 3573 1029 3665 1744,
1044 3568 1141 3641 docti

137 3770 530 3843 ...;......,,,.Τ,.,.

61 4000 68 4013 ,
173 3943 220 4023 (ι)
239 3943 312 4001 Obs.
331 3962 369 4021 ²9
383 3956 486 4021 etseq.
