2580 4514
194 316 264 364 nm.
286 314 341 363 111.
370 314 421 363 nu
440 312 574 362 iromus
592 311 761 376 verrius,
780 312 890 360 nmsr.
912 313 1048 360 xxxvii.
1078 289 1148 364 535

150 454 329 530 agnoscas
349 414 503 505 necesse
525 444 598 516 est,
618 452 729 527 posse
748 428 952 525 aliquando
969 429 1151 503 eholedo-

148 549 265 628 chum
286 562 449 627 meatum
472 544 770 619 increscentibus
790 547 887 617 intra
904 571 991 617 eum
1012 549 1153 621 sensim

147 682 186 745 et
202 690 384 752 numero,
407 679 444 737 et
461 663 718 762 magnitudine
736 662 932 760 perpaucis
948 679 1057 736 antea
1076 664 1152 735 cal·-

147 783 245 856 culis
278 797 315 855 et
348 783 590 880 perminutis,
619 796 752 879 praeter
786 779 942 880 modum
972 781 1150 877 quidem,

146 899 215 973 sed
243 900 423 998 paulatim
452 899 567 987 adeo,
587 899 762 996 lenteque
786 896 970 980 distendi,
990 897 1087 968 nihil
1108 914 1153 971 ut-

145 1017 196 1090 de
210 1019 295 1116 ipso
313 1016 430 1087 homo
448 1030 713 1145 conqueratpr.
726 1018 865 1086 Verum
884 1027 983 1085 utut
1000 1013 1153 1106 credas,

144 1133 240 1207 iilud
266 1157 411 1231 semper
433 1157 594 1204 mecum·
612 1130 866 1219 existimabis,
895 1155 1046 1228 perrara
1072 1129 1150 1205 haec
1223 1160 1227 1190 τ

146 1275 248 1338 csse3
270 1249 456 1347 simulque
477 1250 768 1337 animadvertes,
785 1247 886 1338 aliud
898 1246 944 1320 de
956 1252 1153 1347 quiescen=

145 1367 251 1441 tibus
266 1367 439 1456 calculis,
456 1367 557 1438 aliud
578 1366 623 1437 de
644 1367 769 1465 cystici
784 1367 918 1453 totius,
938 1381 975 1437 et
988 1365 1035 1452 de
1048 1391 1152 1440 com-

144 1486 276 1558 munis
290 1483 427 1559 duetus
438 1484 485 1561 ad
502 1481 616 1555 finem
634 1485 823 1581 angustias
835 1484 872 1554 vi
884 1484 1152 1583 superantibus
1242 1550 1245 1556 .

144 1601 347 1675 ferendum
360 1627 439 1674 esse
450 1596 642 1698 judicium.
652 1601 832 1698 Equidem
845 1600 883 1671 id
892 1627 970 1673 non
982 1604 1152 1699 requiro,

144 1735 192 1791 ut
210 1719 530 1817 quemadmodum
555 1719 593 1789 in
613 1721 794 1791 Tinctorii
813 1719 870 1818 (1)
889 1718 1150 1794 observatione

145 1851 237 1935 post
254 1836 376 1908 dextri
391 1837 515 1909 lateris
537 1835 707 1908 dolorem
732 1852 952 1934 protensum
973 1837 1018 1909 ad
1036 1839 1151 1911 intes·

144 1955 247 2043 tina,
264 1977 351 2025 cum
367 1953 520 2025 calculis
538 1968 761 2029 excernatur
775 1959 935 2027 materia
949 1971 1102 2036 cruento
1115 1970 1152 2027 et

135 2052 370 2168 purulenta5
387 2068 473 2144 satis
488 2068 582 2140 mihi
601 2085 657 2142 est
673 2070 715 2141 ut
737 2070 957 2142 Bartholino
973 2071 1048 2168 (a),
1063 2071 1150 2144 solo

144 2186 279 2259 ductus
300 2185 529 2274 cholr'dochi,
550 2185 598 2259 ab
624 2187 706 2284 ipso
727 2187 816 2257 alias
832 2187 928 2275 visa,
945 2187 1120 2260 dilatatio
1136 2217 1149 2278 3·

143 2328 230 2402 qum
248 2304 357 2376 sicuti
371 2328 648 2400 nonnunquam
662 2304 814 2375 calculis
826 2302 872 2374 ad
890 2319 1072 2378 extremas
1084 2288 1146 2379 an·

143 2424 285 2520 gustias
315 2419 561 2504 haerentibus,
589 2443 726 2516 easque
753 2418 820 2491 ubi
847 2419 1029 2494 dimoveri
1057 2423 1147 2495 inci÷

131 2539 284 2639 piant,
310 2537 386 2610 suis
408 2536 555 2637 angulis
573 2535 793 2609 ludentibus
812 2561 890 2607 non
912 2538 992 2608 sine
1017 2541 1067 2609 sio
1088 2542 1146 2611 in-

144 2650 254 2727 ducti
270 2652 461 2735 abscessus
479 2653 714 2751 disruptione
735 2653 887 2726 demum
904 2650 966 2741 fit,
986 2669 1022 2726 et
1041 2657 1150 2752 puris

140 2768 1013 2868 acsanguinisdejectione‚itaplerumquecum
1025 2772 1144 2844 multo

140 2887 282 2961 minori
300 2888 477 2981 violentia
493 2887 535 2960 fit
544 2915 559 2977 ;7
579 2888 644 2960 sed
665 2887 741 2960 fere
766 2899 960 2984 nunquam
980 2889 1059 2959 sine
1077 2888 1150 2960 doa

139 3003 235 3079 lore.
248 3007 441 3105 Descripta
462 3021 516 3079 est
532 3029 552 3075 a
569 3031 630 3076 me
646 3005 737 3077 alibi
752 3005 822 3103 (3),
840 3021 876 3078 et
886 3005 1147 3102 superioribus

136 3123 253 3195 etiam
276 3121 409 3198 litteris
426 3121 481 3218 (4)
510 3138 805 3197 commemorata
822 3123 998 3196 Valsalvae
1016 3123 1146 3198 obser-

136 3239 241 3311 vatio
251 3292 263 3326 ‚
274 3240 314 3309 in
327 3264 403 3337 qua
415 3265 500 3313 cum
514 3241 660 3338 ingenti
670 3241 832 3339 hepatici
847 3239 1038 3315 abscessus
1052 3267 1143 3315 cavo

241 3558 311 3614 vid.
325 3577 414 3634 supra
427 3577 457 3615 n.
473 3565 520 3625 42.
536 3638 542 3649 μ

240 3661 276 3714 ln
290 3659 354 3715 ead.
372 3658 434 3716 obs.
