2580 4514
123 401 192 447 ult.
213 400 268 445 111.
288 399 334 444 DE
352 395 800 460 Montsvnrtrn1S,1trtsr.
820 399 971 446 xxxvtlt.
998 375 1070 472 609

70 511 227 609 quidem
240 508 381 582 femora
398 509 652 609 perveniebat.
662 513 805 581 Venter
818 512 1070 608 amplissimus

71 627 139 700 sed
169 654 247 698 non
273 643 419 716 tensus,
437 642 478 700 ut
501 624 623 724 neque
648 625 872 714 umbilicus,
898 632 1067 726 quamvis

69 747 314 843 promineret.
331 751 486 818 Pertuso
499 744 545 816 ad
561 744 720 815 alterum
740 745 837 816 latus
852 744 1072 838 abdomine,
1149 782 1152 788 <

69 862 252 960 paulatim
265 863 319 934 vis
331 887 434 960 aquae
450 863 583 958 ingens
598 861 730 933 emissa
745 877 821 948 est,
838 863 877 932 in
901 863 1081 938 manibus·

70 979 323 1076 relinquentis
351 977 525 1050 eumdem
548 1001 697 1050 sensum
717 1003 829 1075 quem
849 980 1017 1051 lixivium
1034 983 1073 1051 in

71 1094 178 1192 quod
188 1120 248 1167 eas
259 1096 486 1166 immisisses.
500 1095 590 1182 Quae
599 1080 720 1191 prima
729 1091 893 1183 effluxit,
906 1093 1088 1181 subssara·
1167 1173 1169 1178 ,

71 1210 144 1283 fuit
155 1226 190 1283 et
200 1212 337 1298 tenuis;
347 1210 491 1307 reliqua
501 1212 625 1282 minus
637 1213 760 1284 tenuis
773 1227 809 1284 et
822 1214 929 1310 quasi
937 1212 1075 1322 albida,

70 1331 278 1424 Utramque
292 1331 330 1398 in
346 1330 509 1398 maximo
521 1327 688 1424 quodam
704 1353 789 1401 vase
806 1330 974 1401 relictam
985 1355 1073 1402 cum

69 1461 159 1545 post
174 1443 289 1518 boras
307 1447 442 1544 viginti
457 1460 619 1542 quatuor
633 1446 879 1543 inspicerem,
899 1449 978 1520 visa·
995 1450 1077 1519 uni·

69 1587 178 1635 versa
193 1577 248 1634 est
262 1562 400 1659 albida,
420 1562 484 1634 sed
505 1587 592 1634 cum
610 1563 788 1659 paulatim
803 1563 849 1636 de
863 1589 949 1636 vase
959 1567 998 1635 in
1008 1590 1072 1638 vas

70 1676 352 1766 effunderetur,
378 1677 541 1751 subflava
571 1680 697 1777 potius
724 1683 923 1779 apparuit:
951 1708 1075 1782 neque
1119 1723 1124 1732 ·

71 1796 236 1867 multum
250 1822 322 1894 pro
339 1821 444 1894 aquae
462 1798 571 1896 copia
590 1798 630 1866 in
641 1794 760 1869 fundo
773 1798 990 1872 subsederat
1004 1801 1075 1873 hu-

70 1915 189 1986 moris
218 1913 390 2002 subalbi,
421 1915 686 2012 crassiorisque
705 1915 753 1988 ab
772 1917 937 1991 admistis
965 1918 1104 1991 etiam‘

72 2033 216 2102 omenti
239 2029 425 2119 frustulis,
451 2030 498 2103 ab
529 2032 685 2128 aliisque
716 2033 763 2105 de
791 2034 928 2131 quibus
946 2051 1074 2133 postea

71 2147 313 2219 indicabitur.
328 2152 509 2219 Caeterum
522 2172 647 2245 neque
657 2172 772 2246 aqua,
785 2175 908 2247 neque
919 2152 1075 2222 cadaver

71 2262 232 2350 fetebat,
247 2266 317 2335 etsi
344 2264 472 2335 tenuia
491 2265 667 2335 intestina
692 2263 814 2337 tribus
837 2267 876 2336 in
900 2267 993 2340 locis
1018 2270 1075 2338 ni·

72 2383 218 2481 gricare
236 2382 476 2484 inceperam,
494 2405 572 2450 non
587 2380 684 2451 ultra
698 2381 931 2456 latitudinem
947 2401 1074 2457 tamen
1158 2422 1165 2443 ·

70 2500 277 2594 transversi
295 2497 410 2597 digiti.
435 2502 574 2568 Eorum
598 2498 861 2569 intestinorum
893 2501 1075 2601 pleraque

71 2615 272 2688 tumebant
285 2641 391 2704 aere,
412 2614 578 2687 sednon
604 2615 654 2686 ita
673 2614 842 2685 multum.
865 2620 1015 2706 Crassa,
1033 2635 1076 2690 ut

73 2732 605 2831 ventriculus,prorsusinania
615 2731 876 2804 connivebant.
888 2735 925 2804 si
933 2736 1075 2806 omenti

73 2866 220 2949 partem
238 2855 427 2949 exciperes
436 2850 622 2922 modicam
637 2874 720 2948 quae
733 2851 943 2921 ventriculo
953 2851 1075 2923 adbae·
1114 2850 1117 2856 ⁴

74 2992 183 3056 rens,
200 2968 345 3065 reliqua
363 2983 469 3056 erat,
497 2983 625 3065 partes
646 2968 726 3063 ejus
749 2982 886 3038 caeterae
904 2972 1011 3065 quasi
1034 2970 1074 3041 iu

75 3082 195 3157 frusta
228 3084 421 3182 discerptae
448 3098 573 3172 erant,
591 3083 639 3156 ab
662 3084 746 3172 illa,
766 3100 803 3156 et
820 3085 918 3155 inter
938 3109 977 3157 se
995 3111 1076 3158 om·
1177 3131 1186 3148 ·

74 3203 170 3273 nino
190 3204 378 3298 sejuncta,
398 3226 561 3299 quorum
581 3225 699 3272 unum
716 3225 755 3273 se
780 3197 1077 3277 conformaverit

73 3325 116 3392 in
133 3337 244 3412 teres,
260 3323 517 3396 rubicundum
529 3339 586 3413 ,et
600 3322 715 3395 molle
730 3325 1078 3422 corpusulnre·pro-·

74 3440 284 3539 pemodum
300 3441 548 3540 longitudine.
566 3446 679 3513 Jecur
693 3455 773 3511 tote
785 3464 950 3512 convexa
965 3439 1078 3531 facie',
1166 3503 1169 3511 .

73 3560 236 3656 ipsoque
254 3559 331 3628 imo
348 3560 534 3630 anteriore
553 3557 672 3630 limbo
691 3581 777 3628 cum
796 3557 1077 3655 diaphragmata

74 3674 311 3747 cohaerebat:
339 3699 360 3746 a
377 3700 453 3772 quo
468 3675 535 3748 ubi
554 3674 715 3747 divisum
729 3671 820 3762 fuit,
839 3676 957 3771 magis
968 3690 1075 3746 extu-2

72 3793 272 3866 berantem
296 3791 398 3863 illam
417 3790 549 3866 faciem
575 3792 715 3865 habere
735 3805 982 3888 conspectum-
999 3790 1076 3882 est-3

73 3910 204 4010 quam
217 3912 289 4008 ipsi
319 3925 356 3981 et
373 3912 538 4008 virginis.
553 3925 724 3999 statura,
748 3907 795 3981 ad
817 3932 969 4006 parvam
994 3933 1077 3981 ver-

150 4034 184 4116 l·
463 4060 473 4075 ·
864 4024 982 4119 39·
