2580 4514
122 390 188 471 '150
280 406 327 467 oa
353 404 497 468 samios
522 405 569 466 Ἐπ’·
591 408 713 469 muns
739 410 948 470 nonnolon
1056 418 1059 425 ’

117 541 231 606 ruisse
250 536 378 621 etiam,
409 535 458 603 ait
481 533 535 631 (ι)
564 535 602 604 in
633 520 864 632 dysenterica
887 535 950 606 illa
974 537 1016 605 in
1040 548 1106 632 qua

115 664 244 724 earum
266 651 393 723 oscula
408 658 540 722 arroso
555 650 689 723 vidisse
709 651 881 723 diximus.
1127 730 1131 734 ,

170 769 221 840 16.
250 773 430 839 Caeterum
451 766 527 839 haec
541 767 670 838 ultima
688 738 873 841 Btuniier'i
888 767 1109 857 observantia,

117 896 153 958 et
171 884 251 956 ‹luae
269 909 362 983 quas
381 885 494 983 paulo
509 894 593 955 ante
605 883 660 981 (n)
678 896 722 956 'ex
738 885 906 973 Platean,-
930 899 968 958 et
992 886 1109 958 Bassio'

116 1003 326 1089 molimus,
344 1015 380 1073 et
409 1024 494 1100 pars
518 1002 615 1073 illiu's
643 1014 728 1098 qua'e'
748 1001 818 1073 sub
837 1003 987 1075 initium
1004 1002 1111 1100 hujut

49 1206 53 1218 x
117 1119 281 1218 epistolae
302 1119 356 1214 (3)
378 1142 423 1191 ex
440 1119 608 1190 Valsalva
631 1121 827 1217 proposita
854 1119 1010 1206 estfvel
1032 1121 1111 1193 sota

117 1239 203 1310 satis
222 1236 449 1322 ostendunt,
476 1259 715 1334 praepropere
731 1237 909 1334 seriptum
924 1255 1004 1310 esse
1019 1261 1042 1308 a
1052 1242 1112 1308 Pa·

115 1354 267 1442 narolo,
289 1353 397 1424 sicuti
413 1352 475 1422 hie
500 1354 539 1422 in
558 1352 804 1450 Sepulchreto
834 1353 1050 1450 (memes,
1078 1360 1111 1424 in

116 1472 367 1571 superioribus
386 1467 707 1565 dysentericorum
724 1475 902 1540 intestinis
918 1495 996 1540 non
1008 1466 1115 1570 posse

106 1591 201 1685 steri
214 1591 505 1657 encorc‘ntionem
524 1600 561 1656 et
582 1592 850 1672 corrosionem,
872 1602 915 1657 ut
932 1587 1115 1658 occiditis!

118 1688 269 1790 crassis,
282 1709 549 1801 praecipueque
575 1709 613 1773 in
636 1704 730 1775 eolo.
758 1704 877 1776 Video
896 1705 1053 1802 quidem
1080 1707 1128 1789 in,

118 1822 309 1920 plerisque
340 1820 683 1909 observationibus,
712 1835 808 1919 quas
828 1823 927 1894 inter
947 1822 1031 1917 duae
1051 1822 1116 1894 ille

119 1941 231 2010 etiam
251 1953 338 2010 sunt
353 1938 396 2009 cl.
424 1940 579 2009 Fautoni
595 1938 633 2036 (5
637 1958 666 2032 j,
684 1941 735 2010 sic
757 1963 843 2012 esse·
857 1936 1070 2038 repertum,
1084 1940 1117 2012 el

119 2053 225 2126 facile
240 2055 425 2126 Panarolo
444 2056 685 2145 crediderim,
696 2058 748 2128 sic
763 2057 900 2154 pariter'
912 2063 950 2127 in
959 2063 1117 2128 sectione

118 2171 230 2244 fuisse
250 2173 609 2270 quamplurimorum
627 2198 723 2271 quos
738 2173 903 2245 indicata
921 2175 1001 2270 'ejus
1027 2189 1116 2273 qum

121 2315 195 2387 que
216 2288 353 2360 rationi
378 2290 607 2388 astipulabor
631 2290 829 2361 humorem
857 2291 1117 2365 corrodentem

91 2451 94 2458 ·
119 2408 160 2477 in
195 2406 373 2478 tenuibus
401 2409 585 2480 intestinis
613 2408 785 2479 facillime
809 2407 945 2494 fluere3
966 2411 1007 2479 ln
1038 2402 1117 2482 eolo

120 2536 244 2596 autem
261 2523 311 2596 ob
332 2524 482 2597 cellulas
501 2527 693 2597 restitere:
713 2527 805 2622 quin
832 2527 942 2596 etiam
966 2527 1118 2600 addida

121 2645 210 2730 rim,
225 2643 265 2713 in
282 2641 461 2714 tenuibus
477 2648 571 2740 saepe
589 2642 705 2741 ehyh,
721 2643 853 2740 saepius
866 2639 1123 2717 remedioi'uttt

123 2772 241 2857 aquea
266 2775 302 2832 et
322 2760 590 2859 mucilaginosa
607 2762 781 2859 portione
802 2761 957 2833 admista
983 2774 1118 2862 tempe·

121 2879 217 2966 rari3
245 2880 285 2948 in
319 2896 441 2950 crassa
471 2887 596 2950 autem
622 2879 815 2965 intestina,
834 2892 1036 2977 postquam
1061 2879 1117 2951 im

122 2997 271 3066 secessit
288 2998 446 3065 maxima
461 3019 506 3065 ex
530 2995 690 3092 partein
710 3018 794 3066 vasa
814 2993 1012 3093 chylifero,
1031 3006 1117 3068 tune

121 3110 246 3207 ipsum
264 3110 502 3184 descendere.
514 3104 597 3184 Hac
608 3167 617 3202 ‚
628 3113 797 3210 inquam,
809 3113 935 3183 omnia
946 3128 983 3184 et
995 3114 1116 3198 video,

123 3242 160 3299 et
191 3225 320 3299 fateor.
346 3232 541 3316 Attamen,
573 3243 616 3301 ut
642 3230 806 3302 rationes
835 3230 923 3302 alias
950 3232 1115 3302 omittam
