2580 4514
136 353 206 426 360
300 377 346 422 na
373 377 516 424 snnrnns
542 377 585 423 aa
611 376 733 425 clusis
759 376 973 428 uoaaoanat

137 492 286 588 integro
301 504 425 560 autem
440 489 719 590 diaphragmate
732 516 811 563 esse
823 508 968 590 potest,
980 508 1021 567 ut
1032 496 1122 568 tussis

139 608 269 693 etiam,
293 606 399 703 eujus
411 607 449 676 in
462 607 530 678 ista
548 608 704 679 muliere
715 623 820 680 tanto
836 611 957 708 magis
972 610 1123 710 ambigua

66 766 70 773 ν
109 788 114 799 „
140 739 220 795 erat
232 721 473 822 significatio,
488 725 591 822 quod
606 727 766 796 materiae
784 727 1007 800 catarrhalis
1019 753 1124 801 excre-
1150 718 1155 730 ’

140 842 284 913 tionem
299 842 540 938 conjunctam
553 842 726 914 habebat.
738 849 873 916 Extant
887 843 953 916 hic
968 847 1008 916 in
1019 846 1126 944 Sepul-

142 957 274 1030 chreto
284 960 337 1056 (1)
350 958 589 1032 abscessuum
605 959 750 1058 hepatis
762 959 929 1034 historiae
941 962 989 1034 ad
1006 963 1126 1060 viginti.

141 1075 213 1147 Sed
232 1075 336 1147 nulla
358 1075 433 1147 fere
460 1078 573 1149 estin
600 1103 675 1175 qua
701 1104 779 1149 non
807 1080 995 1175 majorem
1022 1103 1129 1151 curam

142 1193 332 1267 desideres
352 1195 391 1263 in
409 1195 601 1291 signorum
622 1194 907 1286 observatione,
929 1199 961 1268 si
976 1197 1074 1268 illam
1089 1196 1130 1294 (a)

144 1312 305 1410 excipias
323 1311 609 1411 Noribergensis
631 1314 724 1400 viri,
746 1339 828 1411 quae
854 1339 874 1385 a
902 1315 1057 1387 Coitero
1070 1314 1133 1387 des

145 1431 265 1528 cripta
280 1445 346 1501 est.
362 1433 504 1502 Verum
525 1431 564 1500 in
589 1431 654 1501 illo
676 1432 823 1503 vomica
847 1433 981 1504 simam
1010 1432 1134 1533 hepatis

145 1562 318 1619 tenuerat
337 1562 500 1644 partem,
518 1563 560 1619 ut
578 1564 774 1647 appareat,
795 1549 835 1619 in
855 1552 1004 1622 ventris
1025 1574 1137 1621 cavum

148 1690 187 1737 se
216 1669 415 1762 aperuisse.
447 1669 493 1736 In
528 1666 735 1764 eademque
767 1666 860 1737 sima
890 1682 1002 1765 parte
1028 1668 1140 1763 juveni

149 1777 270 1853 fuerat
282 1806 396 1879 quem
414 1783 529 1854 secuit
540 1784 706 1854 Paawius
719 1783 791 1880 (3);
812 1781 876 1855 sed
889 1782 971 1854 haec
988 1808 1063 1882 pus
1077 1807 1139 1855 non

151 1896 356 1985 effuderat,
382 1915 424 1971 ut
447 1898 615 1972 foramen
644 1901 739 1971 duos
752 1924 906 2000 pugnos
930 1899 1141 1989 admittens,

152 2043 230 2116 quo
247 2017 490 2116 diaphragma
500 2045 650 2090 exesum
663 2033 741 2090 erat
751 2033 950 2116 quaparte
963 2023 1005 2090 in
1015 2025 1142 2091 sinistro

154 2130 270 2207 latere
288 2137 425 2230 jecoris
452 2137 653 2224 accumbit,
673 2161 752 2206 non
777 2159 797 2206 a
827 2136 936 2233 puris
959 2137 1144 2234 eruptione

154 2250 292 2323 factum
327 2253 555 2351 intelligatur
583 2280 590 2321 :
627 2270 804 2351 praeterea
837 2253 934 2324 nihil
969 2253 1145 2326 indicatur

156 2372 288 2441 eorum
308 2395 391 2469 quae
412 2369 559 2443 obitum
578 2384 879 2460 antecesserant,
908 2385 952 2443 ut
977 2368 1148 2469 nequein

156 2486 273 2562 altero
290 2488 348 2586 (4)
367 2489 406 2558 in
425 2514 504 2585 quo
531 2488 631 2559 idem
657 2490 822 2559 Paawius
853 2487 932 2558 duo
960 2489 1003 2558 in
1027 2485 1147 2584 jecoris

157 2607 270 2709 gibba
287 2623 392 2707 parte
409 2607 552 2677 invenit
576 2592 701 2676 ulcera
724 2607 931 2678 introrsum
959 2621 1149 2702 penetran-

157 2730 217 2800 tia.
234 2731 312 2800 Nec
332 2724 535 2824 peculiaria
555 2724 658 2820 signa
675 2721 775 2820 leges
793 2725 831 2794 in
857 2721 970 2794 Blasii
988 2722 1148 2795 observa·

159 2848 263 2918 sione
285 2843 339 2940 (5)
359 2843 505 2941 hepatis
521 2842 572 2913 ita
587 2841 807 2939 suppurati,
835 2855 878 2910 ut
897 2839 977 2937 sola
999 2841 1082 2936 ejus
1102 2855 1149 2910 tu-

158 2958 648 3060 nicapusadiaphragmate
664 2946 876 3055 sejungeret
886 2971 989 3028 arcte
1008 2957 1147 3028 adnexo.

157 3085 241 3150 Haec
254 3079 561 3165 commemoravi,
571 3093 612 3147 ut
625 3076 743 3172 magis
760 3075 1006 3171 intelligeres,
1022 3089 1147 3172 quanto

158 3195 360 3295 optabilius
377 3211 495 3285 esset,
516 3194 553 3265 id
577 3219 598 3265 a
615 3192 782 3265 Valsalva
809 3192 979 3291 potuisse
997 3188 1147 3290 praestari

193 3519 238 3599 (1)
259 3523 336 3580 Sect.
355 3543 406 3594 17,
420 3522 484 3578 obs.
501 3541 528 3578 2.
