2580 4514
143 356 166 430 6

145 495 334 581 morbum,
349 492 484 563 autad
494 507 637 562 certam
653 486 860 595 quamdam
870 547 881 582 ,
893 499 990 565 inter
1000 495 1156 588 multas,

143 613 267 685 morbi
280 635 453 700 causam,
469 608 637 688 sedemue
650 594 951 707 dignoscendam.
970 617 1065 705 Quae
1077 640 1156 686 om-

146 736 225 818 nia,
238 727 394 826 aliaque
402 725 630 825 ejuscemodi
638 714 762 825 siquis
769 731 870 816 forte
881 729 937 801 ad
946 732 1155 804 curandum

147 849 258 921 nihili
260 850 438 941 faceret,
457 844 567 919 haud
586 852 662 918 scio
684 872 735 917 an
756 872 834 920 nou
859 853 1088 946 ipsepotius
1100 858 1156 921 ni·

148 967 219 1040 bili
240 981 335 1038 esset
349 964 567 1058 faciendus.
598 964 712 1059 Quod
727 972 759 1037 si
780 965 876 1039 nibil
905 967 995 1038 utile
1025 969 1082 1039 ad
1096 995 1157 1039 sa·

143 1082 315 1159 nandum
349 1083 582 1157 cadaverum
615 1089 796 1156 sectiones
824 1084 1036 1174 docerent,
1071 1112 1159 1184 qum

145 1194 413 1303 complura'ad
426 1201 470 1272 id
486 1207 697 1274 necessaria
717 1201 874 1290 docent,
901 1216 938 1275 et
952 1203 1075 1276 solum
1094 1211 1161 1303 qui

145 1320 269 1399 morht
282 1319 510 1393 iruanabiies
529 1325 605 1392 sint
616 1374 628 1408 ,
641 1323 907 1419 patefacerent
921 1349 934 1408 ‚·
951 1347 1028 1393 non
1045 1323 1159 1398 terem

147 1455 294 1530 tamen,
315 1454 464 1539 prater
482 1463 586 1513 verse
602 1437 812 1536 diagnoszs3
841 1455 880 1511 et
892 1440 1160 1538 pradictionis

146 1556 354 1647 bonorem,
381 1559 568 1648 offerrent
590 1557 821 1645 utilitatem,
846 1584 893 1630 ue
914 1584 1036 1657 (egros
1057 1559 1161 1633 vide·

149 1677 236 1758 iicet
255 1691 313 1747 tot
330 1680 586 1774 superuacuis,
607 1690 645 1745 et
648 1677 819 1767 fortasse
839 1682 965 1748 noxiis
989 1677 1163 1749 remediis

134 1795 645 1892 fatigantes,eor·umobitum
654 1793 1163 1882 acceleraremus,sedcoutra

149 1914 355 1988 levaremus
384 1927 640 2011 symptomata
658 1911 894 2012 palliastro,
923 1930 965 1985 ut
997 1929 1159 2002 uocant,

147 2039 363 2120 curatione,
380 2032 576 2129 morbique
591 2037 874 2118 incrementum,
888 2032 1021 2130 quoad
1037 2031 1164 2103 liceret

119 2148 122 2153 ⁴
147 2149 410 2237 tardaremus,
430 2174 498 2222 nec
525 2165 662 2230 temere
668 2156 969 2248 pronunciantes
994 2155 1162 2222 commit-

149 2283 326 2356 teremus,
355 2283 399 2338 ut
416 2266 610 2340 cadaueris
629 2272 759 2339 incisio
784 2292 949 2340 errorem
976 2267 1165 2365 detegeret

149 2401 327 2458 nostrum.
339 2389 434 2457 Haec
446 2399 572 2457 autem
582 2401 716 2460 cuncta
727 2441 737 2475 ,
750 2411 986 2486 summopere
997 2385 1162 2482 gaudeo,

43 2572 49 2579 .
150 2503 289 2583 uidisse
306 2531 332 2574 a
353 2520 409 2593 te,
421 2509 484 2576 vir
496 2502 730 2591 doctissime,
748 2507 996 2603 confirmata,
1012 2528 1094 2574 cum
1109 2510 1165 2575 tui

152 2628 350 2697 stastatus
373 2622 466 2694 locis
489 2619 596 2711 aliis,
615 2638 694 2693 tum
712 2627 883 2697 maxima
903 2638 1081 2722 exparte
1098 2646 1163 2692 esr-

148 2755 265 2812 tremo
280 2746 405 2839 capite
417 2738 456 2839 5,
473 2741 564 2814 libri·
578 2746 611 2830 ί..
632 2744 719 2813 Huc
733 2749 863 2813 merito
880 2740 1006 2829 addo,
1024 2765 1074 2811 eu
1088 2739 1162 2810 dis-

149 2859 372 2933 sectionibus
396 2865 484 2958 ipsis
506 2865 598 2946 tuis,
618 2876 768 2958 preater
791 2873 949 2946 coetera,
977 2864 1162 2928 monitum

138 3068 141 3073 Ι
145 3001 261 3079 posse
284 2975 411 3073 colligi
425 2971 621 3074 pertinens
638 2977 696 3049 ud
706 2976 1072 3076 cautepraedicenda
1089 2975 1162 3047 illa

149 3121 235 3193 quse
236 3110 457 3194 postsertos
468 3098 618 3168 morbos
626 3095 804 3168 deberent
817 3094 1020 3168 secundum
1030 3094 1162 3193 plero-

149 3239 306 3312 rumque
317 3219 613 3311 expectationem
630 3219 668 3285 iu
684 3216 905 3314 corporibus
917 3212 1158 3314 deprehendi.

149 3337 339 3405 Nimirum
363 3337 473 3402 sicuti
490 3331 580 3402 olim
601 3332 823 3430 prcecelleus
841 3333 1010 3404 Medicus
1029 3330 1141 3401 catto

151 3454 236 3519 nius
260 3465 385 3521 vester
408 3456 497 3521 scite
524 3450 723 3524 adnotavit
744 3457 767 3546 ζ
778 3454 842 3544 1),
861 3467 956 3550 post
971 3449 1159 3543 terrifica,

147 3571 448 3665 gravissimaque
468 3569 520 3639 ab
539 3571 680 3660 affecto
706 3572 859 3640 cerebro
884 3582 1158 3668 symptomata,

186 3945 232 4025 (t)
251 3951 286 4004 L.
301 3948 333 4017 3,
351 3947 520 4017 Consil.71.
