2580 4514
189 406 260 483 530
358 433 405 480 DE
431 431 576 480 sentitus
600 433 644 479 BT
670 431 795 482 CAUSIS
820 431 1033 483 nonum

186 548 378 645 ceptiones
401 545 448 616 ad
468 561 569 617 certa
591 546 710 641 capita
734 545 869 618 reduci
895 572 1010 646 posse
1034 572 1106 621 nou
1126 548 1162 620 ti·

184 665 345 737 deantur
368 662 436 761 (ι)
458 662 530 734 Sed
555 677 591 734 et
610 677 793 758 quantum
819 666 953 760 cystici
978 665 1106 739 calculi
1120 690 1166 736 ra·

182 784 280 854 riare
292 783 437 880 possint
453 805 531 852 non
552 780 679 852 colore
692 795 836 852 tantum
850 799 889 854 et
902 779 1046 872 forma,
1059 807 1164 856 verunt

181 915 219 973 et
235 915 421 972 structura
437 900 516 994 ipsa
533 912 684 968 externa
701 899 953 996 internaque,
970 915 1011 973 et
1026 899 1165 973 substan

180 1019 239 1088 tiae.
257 1019 367 1089 etiam
393 1015 530 1104 modo,
555 1031 596 1087 ut
615 1016 675 1087 vel
701 1016 879 1112 pellucidi
907 1042 1165 1116 nonnunquam

179 1137 272 1224 sint,
290 1134 376 1207 ideo
390 1135 566 1231 supra(a)
581 1133 779 1231 diligenter
797 1148 853 1206 est
873 1133 1118 1224 adnotatum,
1131 1160 1166 1205 ue

179 1255 211 1326 si
229 1251 324 1327 forte
337 1252 450 1348 aliqui
470 1249 661 1324 interdum
679 1266 883 1323 occurrant
896 1252 948 1325 ab
963 1254 1011 1326 iis
1023 1255 1090 1352 qui
1104 1253 1162 1351 pie·

176 1395 340 1467 rumque
355 1370 494 1454 solent,
510 1368 569 1439 vel
588 1368 794 1465 plurimum
803 1368 1084 1467 discrepantes,
1097 1393 1162 1443 eon

176 1487 284 1558 tinne
309 1485 502 1584 hepaticos
524 1509 603 1554 non
631 1507 710 1556 esse
729 1487 992 1582 pronuncies3
1013 1486 1078 1560 sed
1094 1509 1161 1584 pm·

176 1604 351 1700 prietates
372 1618 480 1674 antea
504 1618 652 1674 caeteras
677 1601 914 1700 singillatim,
931 1618 973 1676 et
990 1629 1075 1702 que
1089 1626 1160 1702 pie·

176 1722 355 1793 cesserint
368 1743 387 1809 ‚·
406 1745 489 1817 qua
524 1721 598 1792 sint
627 1722 826 1807 comitata,
866 1745 954 1818 quae
985 1720 1159 1795 subsecuta

175 1838 299 1934 signa,
315 1836 537 1935 perpendas.

224 1955 281 2042 46.
301 1958 378 2026 Nec
388 1979 478 2026 vero
489 1956 586 2052 ipsa,
600 1978 647 2025 ne
661 1953 709 2026 de
725 1955 881 2025 immani
894 1979 1066 2029 numero
1075 1951 1157 2053 quid·

173 2097 287 2170 quam
307 2072 449 2159 dicam,
468 2069 635 2168 lapidum
662 2069 884 2169 magnitudo
909 2071 1117 2147 absterrere
1130 2085 1157 2140 te

173 2213 322 2287 semper
341 2188 474 2276 debet,
491 2213 539 2259 ne
560 2203 761 2286 propterea
779 2186 985 2287 hepaticus
1000 2215 1078 2265 esse
1089 2213 1155 2263 cer·

171 2331 261 2379 seas.
269 2312 427 2402 Inse'gm's
437 2319 536 2376 certe
546 2302 1154 2405 illumfuissemagnimdinuqueu

170 2422 308 2496 femina
325 2423 493 2520 quaedam
514 2448 583 2520 per
607 2423 732 2495 sedem
753 2441 1003 2515 exereverat,
1023 2437 1155 2499 tostam

169 2547 329 2614 Vaterus
346 2541 394 2637 (3‘
420 2568 429 2610 :
454 2555 633 2612 ettamen
660 2537 820 2627 femina,
843 2541 968 2637 paulo
993 2542 1154 2642 posteitu

169 2661 422 2732 excretionem
450 2673 618 2743 mortua,
647 2659 688 2728 in
710 2658 832 2730 vesica
864 2656 980 2732 fellea
1006 2662 1152 2760 quinque

133 2852 147 2865 ..
166 2777 229 2849 alii
248 2777 415 2849 minores
436 2776 580 2848 inventi
601 2790 686 2848 sunt
704 2782 759 2845 ita
774 2777 964 2873 figurati,
990 2795 1035 2851 ut
1052 2775 1154 2851 videri

123 2878 127 2887 ⁵
161 2910 308 2993 posset,
323 2894 512 2991 quomodo
532 2897 670 2990 nwjori
681 2894 752 2983 illi,
768 2895 969 2967 corculum
984 2892 1150 2971 referenti,

164 3011 416 3085 adlicesr'srent
447 3016 541 3083 Cum
573 3014 618 3084 iis
648 3013 763 3109 igitur
791 3013 921 3110 ipsum
950 3010 1148 3112 quoqueiu

165 3129 258 3224 cysti
277 3127 389 3201 fuisse
407 3130 601 3227 intelligis,
620 3153 745 3225 neque
760 3130 1029 3227 magnitudine
1047 3126 1149 3231 probi·

162 3244 285 3319 bitum
316 3271 382 3318 sua
405 3273 483 3344 quo
500 3249 624 3318 minus
646 3246 735 3318 inde
753 3248 892 3336 exiret,
915 3263 1035 3347 atque
1052 3251 1091 3320 in
1103 3269 1146 3318 ee

162 3386 252 3433 vum
273 3365 537 3436 intestinorum
564 3366 788 3462 perveniret.
819 3368 986 3464 Magnus
1015 3382 1146 3466 qnoque

162 3496 240 3554 erat
249 3480 330 3570 his,
343 3483 483 3580 quippe
487 3483 640 3582 pollicis
650 3481 847 3553 articulum
856 3507 1037 3581 aequans,
1052 3498 1143 3582 quem

196 3783 239 3868 (ι)
260 3789 298 3843 Ν.
318 3783 355 3842 25
374 3795 402 3840 et
420 3784 466 3840 26.

197 3884 238 3967 (a)
260 3889 297 3942 N.
320 3886 354 3942 16
372 3896 401 3941 et
417 3903 478 3958 seq.

196 3983 238 4063 (3)
259 3985 336 4042 Diss.
353 4002 442 4059 supra
454 3983 492 4038 ad
502 4001 532 4036 n.
548 3979 584 4036 16
592 3979 646 4039 uit.
659 3975 733 4036 thu.
747 3979 776 4037 3·
