2580 4514
185 370 258 421 nm.
285 374 343 420 111.
370 374 417 419 nn
442 372 578 421 uomns
603 373 908 438 vnnrn1s‚nr1sr.
935 376 1041 422 xxxv.
1071 350 1139 450 337

135 488 416 582 conjiceremus
430 511 517 558 cum
539 487 579 556 in
596 487 668 557 alvi
685 488 929 559 exonerandae
947 471 1143 565 conatibus

137 602 323 675 fracidam
343 604 506 701 aliquam
531 603 681 674 distenti
706 606 873 675 intestini
894 623 1038 704 partem
1062 611 1143 703 ipse

132 725 212 811 ¹sibi
234 726 479 824 perrupisset.
503 725 562 796 Sic
585 725 684 795 eni-m
699 723 894 822 Wepferus
913 752 1085 824 quoqne,
1104 741 1145 797 ut

140 844 285 940 pariter
298 844 337 912 in
352 843 517 914 sectione
536 843 605 913 hac
625 843 859 939 Sepulchreti
885 842 938 938 (ι)
957 844 1081 941 leges,
1104 847 1144 914 in

141 960 386 1033 atrocissimis
397 959 593 1032 doloribus
609 965 781 1030 intestina
795 959 965 1058 disrupta
979 944 1150 1032 comme.
1215 967 1217 973 '

143 1092 287 1164 morat,
306 1103 352 1148 ac
374 1077 501 1148 sordes
523 1068 648 1148 omnes
674 1082 711 1146 in
737 1101 866 1149 cavum
891 1080 1032 1170 ffatim
1064 1104 1147 1149 cnm

143 1200 340 1294 repentina
351 1219 538 1293 (egrotum
545 1200 835 1292 interemptione.
845 1198 964 1285 Quam
976 1196 1077 1266 illico
1090 1213 1146 1266 ta·

129 1300 235 1384 'men
254 1337 333 1383 non
352 1337 500 1410 semper
516 1305 728 1384 ¹necessario
746 1314 875 1410 sequi,
900 1301 993 1382 dnae.
1005 1314 1042 1382 in
1071 1337 1148 1384 sec·

139 1431 248 1502 tione
265 1429 394 1502 eadem
415 1429 695 1503 observationes
721 1431 735 1526 (
762 1428 780 1525 )
800 1430 960 1501 Fernelii
984 1445 1020 1500 et
1037 1433 1147 1502 Rive·

120 1642 124 1647 ·
142 1548 191 1618 rii
214 1562 531 1619 commonstrant:
552 1571 623 1618 nec
645 1547 833 1644 discrepat
848 1572 923 1618 una
945 1573 989 1617 ex
1010 1549 1147 1621 nostris

144 1666 308 1764 epistola
326 1667 518 1762 superiore
544 1665 599 1761 (3)
624 1664 817 1761 descripta.
838 1664 895 1734 Ad
914 1663 1000 1751 has,
1027 1691 1074 1735 an
1102 1664 1149 1736 ad

145 1781 231 1855 illas
249 1784 405 1854 attinere
431 1779 561 1854 credas
581 1806 663 1877 quae
682 1783 721 1851 in
749 1783 984 1852 Commercio
1009 1782 1150 1877 littera·
1201 1849 1204 1857 .

145 1899 207 1969 rio
224 1899 301 1996 (4),
319 1901 411 1970 etin
430 1900 530 1970 Actis
547 1902 718 1969 Caesareae
731 1897 936 1968 Academiae
950 1897 1004 1996 (5)
1021 1900 1150 1996 legim-

149 2030 235 2101 tur,
247 2013 447 2094 ¹arbitrium
467 2031 574 2086 tuum
592 2010 698 2085 facio.
721 2018 767 2085 At
786 2029 885 2084 certe
903 2013 949 2084 ad
968 2015 1048 2086 illas
1065 2015 1150 2087 atti·

147 2147 218 2205 net
240 2157 323 2229 quar
339 2157 463 2231 nuper
486 2157 508 2202 a
535 2131 581 2202 ci.
602 2133 768 2202 Galeatio
790 2131 843 2226 (6)
861 2132 1053 2229 proposita
1069 2147 1151 2219 est3
1233 2126 1239 2141 '

146 2249 246 2323 adeo
280 2248 405 2322 subito
435 2250 558 2321 virum
588 2262 810 2321 necaverant
831 2249 1014 2335 tormina,
1045 2250 1152 2344 cujus

148 2381 285 2439 venter
309 2367 444 2466 plenus
466 2367 606 2465 pariter
628 2372 949 2438 recrementorum
976 2367 1152 2437 inventus

148 2500 209 2558 est
224 2510 308 2583 quae
323 2510 343 2556 e
357 2500 469 2583 rupto
482 2486 669 2556 irruerant
685 2485 873 2556 intestino.
886 2489 967 2571 iam
983 2508 1074 2555 vero
1093 2483 1155 2555 fu-

149 2619 298 2677 nestam
323 2603 541 2689 historiam,
562 2604 732 2700 quamvis
756 2601 906 2672 dolores
934 2626 1010 2671 non
1037 2601 1153 2671 modo
1174 2628 1177 2634 ·

147 2712 393 2808 remiserant,
414 2719 479 2791 sed
494 2720 624 2790 omnio
637 2718 825 2804 abierant,
838 2714 1083 2815 proferamus.

183 2914 188 2920 ,
204 2837 260 2910 16.
288 2838 424 2909 Mulier
443 2837 611 2934 gracilis,
632 2851 771 2908 statura
796 2834 920 2918 brevi,
939 2833 1094 2921 lilioso,
1113 2849 1155 2906 ut

147 2970 309 3044 vocant,
332 2967 649 3052 temperament0‚
669 2977 788 3024 annos
808 2967 893 3022 nata
916 2949 963 3021 ad
993 2949 1155 3048 quadra-

146 3074 257 3171 ginta
269 3125 280 3162 ,
291 3096 314 3142 a
325 3072 447 3145 tribus
460 3071 608 3142 circiter
624 3070 757 3158 vidua,
773 3069 820 3140 ab
836 3083 923 3139 octo
936 3069 1017 3138 sine
1033 3093 1155 3141 mens-

183 3426 231 3503 (1)
252 3427 290 3482 Iu
303 3423 454 3482 Additam-
470 3423 533 3479 obs.
549 3423 577 3479 3.

185 3522 232 3602 (a)
255 3541 291 3580 ar
309 3524 476 3596 θηλῇ(

184 3619 234 3701 (³)
254 3624 337 3699 Ne·
558 3618 561 3625 '

184 3723 231 3797 (t)
254 3725 410 3796 An17ta,
426 3718 517 3779 hebd.
534 3719 589 3792 45,
606 3739 636 3776 n.
648 3737 675 3776 a.
704 3730 707 3735 “

184 3824 232 3902 (5)
253 3827 339 3882 Tom.
353 3822 387 3894 8,
407 3823 473 3880 obs.
487 3829 535 3892 47.

179 3923 229 4002 (6)
251 3925 419 3981 Comment.
432 3921 469 3978 de
481 3923 597 3979 Bonon.
611 3921 660 3976 Sc.
672 3916 765 3974 Acad.
779 3926 850 3972 tom.
866 3915 897 3988 3,
912 3914 991 3975 inter
999 3915 1126 3979 medica.
1158 4001 1160 4004 Ι

218 4027 255 4110 4.
941 4041 986 4085 υ
