2580 4514
147 98 215 159 naa
312 112 358 157 nn
385 112 528 158 sumnus
553 114 597 159 tr
622 113 745 161 caus1s
769 114 980 165 uonnonnu

146 249 229 294 ram
241 229 430 322 accipiunt
435 251 449 311 ,·
466 249 548 321 quae
566 249 673 297 causa
692 223 847 299 fortasse
861 226 951 317 tuit,
974 252 1040 303 cur
1056 231 1121 329 qui-

144 342 229 411 dam
252 342 340 415 olim
366 342 500 412 medici
526 343 565 411 in
591 368 723 414 eorum
748 343 929 417 duntaxat
952 348 1126 421 curatione

148 484 255 530 suum
270 483 384 529 omne
400 458 562 529 studium
577 459 829 556 locarent(1);
848 479 995 559 quanto
1019 463 1135 535 diffici-

147 576 218 646 lius
235 575 307 645 hoc
323 577 458 671 poterit
476 591 679 647 contumax
693 577 808 666 adeo,
831 594 868 649 et
887 595 1074 653 vetustum
1090 605 1136 652 sa·

148 694 229 762 nari
243 693 257 762 l
271 693 395 763 Multo
411 693 562 789 quidem
579 695 765 789 majorum
784 696 1058 793 prolapsuum,
1081 722 1139 769 ve·

148 811 203 880 lut
221 812 251 881 is
273 827 351 881 erat
368 835 482 907 quem
508 837 553 881 ex
579 812 739 883 Muralto
760 816 1058 885 commemoravi
1072 815 1138 912 (a),

149 929 379 999 sanationem
410 926 539 1024 legisse
561 930 725 999 memini.
753 934 799 1001 At
819 933 1088 1029 antiquorum,
1106 946 1141 1003 et

147 1049 213 1142 qui
233 1071 254 1115 a
271 1045 402 1142 viginti
413 1045 488 1140 jam
504 1047 611 1116 annis
622 1044 845 1145 affligerent,
865 1064 967 1120 certe
984 1075 1065 1121 non
1076 1074 1142 1121 me·

148 1166 251 1232 mini.
272 1167 402 1259 Itaque
422 1163 508 1233 satis
527 1162 636 1233 nobis
651 1163 713 1234 hic
731 1188 811 1237 esse
827 1164 1006 1255 deberet,
1024 1169 1135 1239 sicum

148 1282 230 1352 tolli
250 1281 427 1350 relaxatio
451 1295 631 1376 nequeat;
658 1281 842 1377 palliativa
859 1283 1013 1372 saltem,
1026 1301 1069 1356 ut
1085 1308 1136 1355 vo·

150 1413 253 1483 cant,
281 1398 474 1467 curatione
493 1413 555 1468 aut
573 1396 859 1495 prohiberetur,
878 1415 943 1470 aut
964 1404 1089 1473 minor
1107 1416 1136 1471 et

149 1514 266 1584 levius
284 1512 459 1583 ferendus
480 1513 700 1585 redderetur
713 1516 957 1610 quotidianus
976 1516 1076 1589 illius
1095 1514 1135 1591 el·

78 1616 80 1621 ¹
148 1629 284 1716 fetetne,
304 1631 370 1726 qui
392 1631 512 1726 gravis
537 1646 592 1701 est
612 1631 706 1701 adeo
727 1657 813 1702 cum
833 1648 992 1730 propter
1013 1636 1135 1707 moles·

147 1750 258 1835 tiam,
281 1764 356 1818 tum
380 1749 467 1843 quia
490 1747 665 1819 morbum
682 1765 811 1845 auget,
832 1764 912 1821 tum
931 1753 1046 1823 etiam
1062 1753 1135 1849 quia

148 1867 186 1935 in
212 1890 402 1936 summum
422 1865 625 1962 aliquando
643 1868 854 1963 periculum
879 1883 1006 1965 potest
1033 1868 1135 1942 addu-

148 2010 252 2072 cere,
270 1983 330 2054 vel
352 1985 463 2054 nimis
480 1998 590 2054 aucto
616 1985 783 2080 eoquod
805 1984 995 2083 procidit,
1013 1987 1071 2058 vel
1091 2011 1133 2063 se·

147 2104 225 2172 rius
244 2102 431 2197 reposit0,
463 2100 520 2171 vel
545 2100 592 2171 ab
617 2102 710 2171 aeris
737 2102 884 2196 injuriis
909 2103 1063 2193 vitiato,
1087 2101 1133 2173 vel

148 2219 311 2316 denique
330 2220 455 2289 minus
475 2217 642 2288 cohibito
661 2243 682 2287 a
707 2218 945 2316 sphinctere,
970 2222 1040 2318 qui
1059 2237 1133 2292 tem-

146 2337 417 2433 porisdecur'su
432 2337 589 2407 relaxari
603 2350 726 2433 potest
736 2390 745 2422 ‚
756 2352 846 2409 tunc
861 2339 1053 2436 precipue
1065 2360 1134 2409 cun

145 2453 303 2525 fractum
323 2455 437 2525 aetatis
450 2453 568 2523 robur
587 2456 709 2524 minus
726 2454 815 2525 huic
836 2454 1064 2529 relaxationi
1080 2478 1133 2553 po·
1177 2440 1179 2451 ⁵

147 2575 251 2660 terit,
272 2586 308 2644 et
327 2575 360 2643 ei
378 2596 460 2669 quae
481 2573 556 2665 jam
584 2570 709 2660 adest,
735 2596 782 2643 ne
800 2573 918 2668 magis
949 2588 1133 2671 augeatur,

145 2686 336 2763 obsistere.

204 2837 237 2906 7.
265 2808 336 2879 Sed
371 2807 693 2905 quemadmodum
725 2805 772 2876 ad
808 2805 906 2877 hanc
941 2808 1135 2883 tollendam

144 2927 280 2999 frustra
290 2926 457 2997 adhibita
475 2949 552 2996 esse
566 2925 750 3021 intelligo,
762 2922 1040 2997 medicamenta
1055 2948 1135 3023 qua·

144 3071 219 3144 que
233 3045 413 3116 validiora
429 3044 479 3115 sic
494 3045 634 3139 pariter
655 3042 782 3128 video,
804 3040 985 3115 adversus
1010 3042 1135 3116 relaxa·

142 3165 257 3237 tionis
275 3161 450 3235 effectum
474 3162 512 3229 in
538 3161 724 3257 palliativa
742 3159 937 3231 curatione
959 3161 1133 3232 incassum

142 3296 260 3355 tracta
276 3278 390 3351 fuisse
409 3279 448 3347 in
475 3302 584 3349 usum
609 3279 860 3348 instrumenta
888 3276 1010 3349 multa
1029 3293 1065 3349 et
1082 3298 1134 3345 va·

147 3452 1131 3483 Μ

179 3566 223 3643 (ι)
244 3538 353 3627 vui.
367 3563 432 3619 cat.
446 3564 541 3619 auser.
557 3563 593 3618 de
605 3562 715 3636 partib.
731 3573 787 3616 an.
802 3560 880 3615 med.
901 3579 927 3616 c.
945 3579 972 3619 2.

177 3664 222 3745 (a)
242 3664 280 3721 N.
297 3670 325 3731 4.
