<?xml version="1.0" encoding="UTF-8"?>
<!DOCTYPE html PUBLIC "-//W3C//DTD XHTML 1.0 Transitional//EN"
    "http://www.w3.org/TR/xhtml1/DTD/xhtml1-transitional.dtd">
<html xmlns="http://www.w3.org/1999/xhtml" xml:lang="en" lang="en">
 <head>
  <title>
</title>
<meta http-equiv="Content-Type" content="text/html;charset=utf-8" />
  <meta name='ocr-system' content='tesseract 3.04.00' />
  <meta name='ocr-capabilities' content='ocr_page ocr_carea ocr_par ocr_line ocrx_word'/>
</head>
<body>
  <div class='ocr_page' id='page_1' title='image "./desedibusetcaus00adelgoog_0037.png"; bbox 0 0 2580 4514; ppageno 0'>
   <div class='ocr_carea' id='block_1_1' title="bbox 12 714 28 746">
    <p class='ocr_par' dir='ltr' id='par_1_1' title="bbox 12 714 28 746">
     <span class='ocr_line' id='line_1_1' title="bbox 12 714 28 746; baseline 0 0"><span class='ocrx_word' id='word_1_1' title='bbox 12 714 28 746; x_wconf 77' lang='lat'><em>0</em></span> 
     </span>
    </p>
   </div>
   <div class='ocr_carea' id='block_1_2' title="bbox 121 393 954 464">
    <p class='ocr_par' dir='ltr' id='par_1_2' title="bbox 121 393 954 464">
     <span class='ocr_line' id='line_1_2' title="bbox 121 393 954 464; baseline -0.004 0"><span class='ocrx_word' id='word_1_2' title='bbox 121 393 165 464; x_wconf 77' lang='lat'><strong>28</strong></span> <span class='ocrx_word' id='word_1_3' title='bbox 286 416 332 462; x_wconf 76' lang='lat' dir='ltr'><strong>na</strong></span> <span class='ocrx_word' id='word_1_4' title='bbox 359 413 503 462; x_wconf 74' lang='lat' dir='ltr'><strong>samius</strong></span> <span class='ocrx_word' id='word_1_5' title='bbox 528 412 572 461; x_wconf 79' lang='lat' dir='ltr'><strong>ar</strong></span> <span class='ocrx_word' id='word_1_6' title='bbox 598 411 720 462; x_wconf 70' lang='lat' dir='ltr'><strong>cnus1s</strong></span> <span class='ocrx_word' id='word_1_7' title='bbox 746 412 954 461; x_wconf 81' lang='lat' dir='ltr'><strong>noaaoann</strong></span> 
     </span>
    </p>
   </div>
   <div class='ocr_carea' id='block_1_3' title="bbox 117 525 1129 858">
    <p class='ocr_par' dir='ltr' id='par_1_3' title="bbox 117 525 1129 858">
     <span class='ocr_line' id='line_1_3' title="bbox 119 525 1127 624; baseline -0.004 -23"><span class='ocrx_word' id='word_1_8' title='bbox 119 543 229 614; x_wconf 90' lang='lat' dir='ltr'><strong>ortu,</strong></span> <span class='ocrx_word' id='word_1_9' title='bbox 255 543 318 599; x_wconf 89' lang='lat' dir='ltr'><strong>aut</strong></span> <span class='ocrx_word' id='word_1_10' title='bbox 335 551 356 597; x_wconf 90' lang='lat' dir='ltr'><strong>a</strong></span> <span class='ocrx_word' id='word_1_11' title='bbox 376 526 512 598; x_wconf 91' lang='lat' dir='ltr'><strong>morbo</strong></span> <span class='ocrx_word' id='word_1_12' title='bbox 530 525 787 598; x_wconf 86' lang='lat' dir='ltr'><strong>deficientium</strong></span> <span class='ocrx_word' id='word_1_13' title='bbox 807 551 946 598; x_wconf 89' lang='lat' dir='ltr'><strong>munus</strong></span> <span class='ocrx_word' id='word_1_14' title='bbox 969 526 1127 624; x_wconf 87' lang='lat' dir='ltr'><strong>supple·</strong></span> 
     </span>
     <span class='ocr_line' id='line_1_4' title="bbox 117 642 1127 740; baseline -0.002 -24"><span class='ocrx_word' id='word_1_15' title='bbox 117 660 256 718; x_wconf 75' lang='lat' dir='ltr'><strong>rerunt</strong></span> <span class='ocrx_word' id='word_1_16' title='bbox 283 642 384 740; x_wconf 70' lang='grc' dir='ltr'>(ι’),</span> <span class='ocrx_word' id='word_1_17' title='bbox 414 645 490 715; x_wconf 86' lang='lat' dir='ltr'><strong>sive</strong></span> <span class='ocrx_word' id='word_1_18' title='bbox 519 659 721 733; x_wconf 88' lang='lat' dir='ltr'><strong>accurate,</strong></span> <span class='ocrx_word' id='word_1_19' title='bbox 752 642 843 714; x_wconf 92' lang='lat' dir='ltr'><strong>dum</strong></span> <span class='ocrx_word' id='word_1_20' title='bbox 869 644 931 714; x_wconf 88' lang='lat' dir='ltr'><strong>ille</strong></span> <span class='ocrx_word' id='word_1_21' title='bbox 955 645 1127 731; x_wconf 80' lang='lat' dir='ltr'><strong>viveret,</strong></span> 
     </span>
     <span class='ocr_line' id='line_1_5' title="bbox 119 759 1129 858; baseline -0.002 -24"><span class='ocrx_word' id='word_1_22' title='bbox 119 762 421 848; x_wconf 89' lang='lat' dir='ltr'><strong>observationes,</strong></span> <span class='ocrx_word' id='word_1_23' title='bbox 450 777 487 833; x_wconf 90' lang='lat' dir='ltr'><strong>et</strong></span> <span class='ocrx_word' id='word_1_24' title='bbox 511 761 825 858; x_wconf 84' lang='lat' dir='ltr'><strong>interrogationes</strong></span> <span class='ocrx_word' id='word_1_25' title='bbox 854 759 954 830; x_wconf 88' lang='lat' dir='ltr'><strong>aliud</strong></span> <span class='ocrx_word' id='word_1_26' title='bbox 977 759 1129 841; x_wconf 83' lang='lat' dir='ltr'><strong>fucrant</strong></span> 
     </span>
    </p>
   </div>
   <div class='ocr_carea' id='block_1_4' title="bbox 64 877 1128 975">
    <p class='ocr_par' dir='ltr' id='par_1_4' title="bbox 64 877 1128 975">
     <span class='ocr_line' id='line_1_6' title="bbox 64 877 1128 975; baseline 0.001 -26"><span class='ocrx_word' id='word_1_27' title='bbox 64 968 67 975; x_wconf 25' lang='grc' dir='ltr'>Ι</span> <span class='ocrx_word' id='word_1_28' title='bbox 120 877 274 951; x_wconf 82' lang='lat' dir='ltr'><strong>fortasse</strong></span> <span class='ocrx_word' id='word_1_29' title='bbox 294 893 528 967; x_wconf 74' lang='lat' dir='ltr'><strong>ostensura,</strong></span> <span class='ocrx_word' id='word_1_30' title='bbox 555 877 764 950; x_wconf 90' lang='lat' dir='ltr'><strong>cavendum</strong></span> <span class='ocrx_word' id='word_1_31' title='bbox 786 892 884 948; x_wconf 87' lang='lat' dir='ltr'><strong>certe</strong></span> <span class='ocrx_word' id='word_1_32' title='bbox 912 892 966 949; x_wconf 89' lang='lat' dir='ltr'><strong>est</strong></span> <span class='ocrx_word' id='word_1_33' title='bbox 996 877 1128 966; x_wconf 91' lang='lat' dir='ltr'><strong>nobis,</strong></span> 
     </span>
    </p>
   </div>
   <div class='ocr_carea' id='block_1_5' title="bbox 120 994 1130 1798">
    <p class='ocr_par' dir='ltr' id='par_1_5' title="bbox 120 994 1130 1798">
     <span class='ocr_line' id='line_1_7' title="bbox 121 994 1128 1094; baseline -0.002 -26"><span class='ocrx_word' id='word_1_34' title='bbox 121 1022 201 1068; x_wconf 90' lang='lat' dir='ltr'><strong>non</strong></span> <span class='ocrx_word' id='word_1_35' title='bbox 231 996 324 1094; x_wconf 91' lang='lat' dir='ltr'><strong>quid</strong></span> <span class='ocrx_word' id='word_1_36' title='bbox 356 1012 566 1068; x_wconf 88' lang='lat' dir='ltr'>monstrose</span> <span class='ocrx_word' id='word_1_37' title='bbox 586 998 625 1068; x_wconf 87' lang='lat' dir='ltr'><strong>&#39;m</strong></span> <span class='ocrx_word' id='word_1_38' title='bbox 652 1022 729 1067; x_wconf 94' lang='lat' dir='ltr'><strong>uno</strong></span> <span class='ocrx_word' id='word_1_39' title='bbox 758 997 913 1092; x_wconf 82' lang='lat' dir='ltr'><strong>aliquo,</strong></span> <span class='ocrx_word' id='word_1_40' title='bbox 940 994 1004 1068; x_wconf 88' lang='lat' dir='ltr'><strong>scd</strong></span> <span class='ocrx_word' id='word_1_41' title='bbox 1035 994 1128 1092; x_wconf 92' lang='lat' dir='ltr'><strong>quid</strong></span> 
     </span>
     <span class='ocr_line' id='line_1_8' title="bbox 121 1110 1126 1211; baseline 0 -25"><span class='ocrx_word' id='word_1_42' title='bbox 121 1113 329 1186; x_wconf 89' lang='lat' dir='ltr'><strong>secundum</strong></span> <span class='ocrx_word' id='word_1_43' title='bbox 349 1129 522 1185; x_wconf 87' lang='lat' dir='ltr'><strong>naturam</strong></span> <span class='ocrx_word' id='word_1_44' title='bbox 537 1115 576 1184; x_wconf 90' lang='lat' dir='ltr'><strong>in</strong></span> <span class='ocrx_word' id='word_1_45' title='bbox 595 1115 735 1186; x_wconf 86' lang='lat' dir='ltr'><strong>caeteris</strong></span> <span class='ocrx_word' id='word_1_46' title='bbox 751 1110 832 1200; x_wconf 86' lang='lat' dir='ltr'><strong>fiat,</strong></span> <span class='ocrx_word' id='word_1_47' title='bbox 849 1111 1126 1211; x_wconf 85' lang='lat' dir='ltr'><strong>spectantibus,</strong></span> 
     </span>
     <span class='ocr_line' id='line_1_9' title="bbox 123 1226 1129 1328; baseline -0.002 -27"><span class='ocrx_word' id='word_1_48' title='bbox 123 1256 173 1302; x_wconf 90' lang='lat' dir='ltr'><strong>ne</strong></span> <span class='ocrx_word' id='word_1_49' title='bbox 189 1227 277 1302; x_wconf 84' lang='lat' dir='ltr'><strong>illuc</strong></span> <span class='ocrx_word' id='word_1_50' title='bbox 295 1231 559 1318; x_wconf 80' lang='lat' dir='ltr'><strong>decurramus,</strong></span> <span class='ocrx_word' id='word_1_51' title='bbox 575 1247 617 1304; x_wconf 90' lang='lat' dir='ltr'><strong>ut</strong></span> <span class='ocrx_word' id='word_1_52' title='bbox 636 1226 893 1328; x_wconf 78' lang='lat' dir='ltr'><strong>epiglottidem</strong></span> <span class='ocrx_word' id='word_1_53' title='bbox 910 1230 949 1298; x_wconf 92' lang='lat' dir='ltr'><strong>in</strong></span> <span class='ocrx_word' id='word_1_54' title='bbox 967 1228 1129 1327; x_wconf 86' lang='lat' dir='ltr'><strong>degluti-</strong></span> 
     </span>
     <span class='ocr_line' id='line_1_10' title="bbox 121 1348 1129 1445; baseline -0.001 -26"><span class='ocrx_word' id='word_1_55' title='bbox 121 1349 225 1420; x_wconf 83' lang='lat' dir='ltr'><strong>tione</strong></span> <span class='ocrx_word' id='word_1_56' title='bbox 244 1350 349 1445; x_wconf 90' lang='lat' dir='ltr'><strong>quasi</strong></span> <span class='ocrx_word' id='word_1_57' title='bbox 364 1348 538 1419; x_wconf 83' lang='lat' dir='ltr'><strong>inutilem</strong></span> <span class='ocrx_word' id='word_1_58' title='bbox 557 1349 821 1419; x_wconf 88' lang='lat' dir='ltr'><strong>existimemus.</strong></span> <span class='ocrx_word' id='word_1_59' title='bbox 842 1350 926 1417; x_wconf 93' lang='lat' dir='ltr'><strong>Non</strong></span> <span class='ocrx_word' id='word_1_60' title='bbox 943 1370 1026 1417; x_wconf 92' lang='lat' dir='ltr'><strong>sum</strong></span> <span class='ocrx_word' id='word_1_61' title='bbox 1043 1371 1129 1418; x_wconf 88' lang='lat' dir='ltr'><strong>nes-</strong></span> 
     </span>
     <span class='ocr_line' id='line_1_11' title="bbox 122 1462 1128 1562; baseline 0 -27"><span class='ocrx_word' id='word_1_62' title='bbox 122 1468 228 1552; x_wconf 89' lang='lat' dir='ltr'><strong>cius,</strong></span> <span class='ocrx_word' id='word_1_63' title='bbox 254 1464 430 1536; x_wconf 88' lang='lat' dir='ltr'><strong>essehoc</strong></span> <span class='ocrx_word' id='word_1_64' title='bbox 454 1479 625 1562; x_wconf 88' lang='lat' dir='ltr'><strong>tempore</strong></span> <span class='ocrx_word' id='word_1_65' title='bbox 650 1465 696 1535; x_wconf 89' lang='lat' dir='ltr'><strong>cl.</strong></span> <span class='ocrx_word' id='word_1_66' title='bbox 717 1466 842 1551; x_wconf 88' lang='lat' dir='ltr'><strong>viros,</strong></span> <span class='ocrx_word' id='word_1_67' title='bbox 868 1462 1007 1560; x_wconf 91' lang='lat' dir='ltr'><strong>quibus</strong></span> <span class='ocrx_word' id='word_1_68' title='bbox 1034 1462 1128 1535; x_wconf 87' lang='lat' dir='ltr'><strong>adeo</strong></span> 
     </span>
     <span class='ocr_line' id='line_1_12' title="bbox 120 1580 1130 1680; baseline -0.003 -27"><span class='ocrx_word' id='word_1_69' title='bbox 120 1582 227 1653; x_wconf 88' lang='lat' dir='ltr'><strong>aliter</strong></span> <span class='ocrx_word' id='word_1_70' title='bbox 240 1606 284 1653; x_wconf 88' lang='lat' dir='ltr'><strong>ac</strong></span> <span class='ocrx_word' id='word_1_71' title='bbox 304 1580 384 1653; x_wconf 88' lang='lat' dir='ltr'><strong>aliis</strong></span> <span class='ocrx_word' id='word_1_72' title='bbox 394 1581 591 1680; x_wconf 86' lang='lat' dir='ltr'><strong>deglutitio</strong></span> <span class='ocrx_word' id='word_1_73' title='bbox 602 1580 822 1680; x_wconf 86' lang='lat' dir='ltr'><strong>explicanda</strong></span> <span class='ocrx_word' id='word_1_74' title='bbox 835 1581 1023 1670; x_wconf 86' lang='lat' dir='ltr'><strong>videatur,</strong></span> <span class='ocrx_word' id='word_1_75' title='bbox 1037 1596 1081 1653; x_wconf 91' lang='lat' dir='ltr'><strong>ut</strong></span> <span class='ocrx_word' id='word_1_76' title='bbox 1101 1582 1130 1654; x_wconf 93' lang='lat' dir='ltr'><strong>si</strong></span> 
     </span>
     <span class='ocr_line' id='line_1_13' title="bbox 121 1696 1129 1798; baseline 0 -28"><span class='ocrx_word' id='word_1_77' title='bbox 121 1725 207 1770; x_wconf 88' lang='lat' dir='ltr'><strong>eum</strong></span> <span class='ocrx_word' id='word_1_78' title='bbox 223 1701 267 1770; x_wconf 91' lang='lat' dir='ltr'><strong>iis</strong></span> <span class='ocrx_word' id='word_1_79' title='bbox 281 1696 391 1772; x_wconf 84' lang='lat' dir='ltr'><strong>facias</strong></span> <span class='ocrx_word' id='word_1_80' title='bbox 406 1754 416 1787; x_wconf 96' lang='lat'><strong>,</strong></span> <span class='ocrx_word' id='word_1_81' title='bbox 429 1724 511 1770; x_wconf 89' lang='lat' dir='ltr'><strong>eam</strong></span> <span class='ocrx_word' id='word_1_82' title='bbox 530 1725 642 1796; x_wconf 85' lang='lat' dir='ltr'><strong>quam</strong></span> <span class='ocrx_word' id='word_1_83' title='bbox 668 1699 783 1798; x_wconf 86' lang='lat' dir='ltr'><strong>paulo</strong></span> <span class='ocrx_word' id='word_1_84' title='bbox 807 1714 892 1770; x_wconf 90' lang='lat' dir='ltr'><strong>ante</strong></span> <span class='ocrx_word' id='word_1_85' title='bbox 915 1701 1129 1796; x_wconf 78' lang='lat' dir='ltr'><strong>attigimuS,</strong></span> 
     </span>
    </p>
   </div>
   <div class='ocr_carea' id='block_1_6' title="bbox 11 1816 1129 1914">
    <p class='ocr_par' dir='ltr' id='par_1_6' title="bbox 11 1816 1129 1914">
     <span class='ocr_line' id='line_1_14' title="bbox 11 1816 1129 1914; baseline -0.002 -26"><span class='ocrx_word' id='word_1_86' title='bbox 11 1848 13 1854; x_wconf 95' lang='lat'>·</span> <span class='ocrx_word' id='word_1_87' title='bbox 122 1817 349 1889; x_wconf 87' lang='lat' dir='ltr'><strong>discriminis</strong></span> <span class='ocrx_word' id='word_1_88' title='bbox 367 1842 445 1914; x_wconf 94' lang='lat' dir='ltr'><strong>quo</strong></span> <span class='ocrx_word' id='word_1_89' title='bbox 462 1816 577 1888; x_wconf 79' lang='lat' dir='ltr'><strong>fluida</strong></span> <span class='ocrx_word' id='word_1_90' title='bbox 592 1872 601 1906; x_wconf 98' lang='lat'><strong>,</strong></span> <span class='ocrx_word' id='word_1_91' title='bbox 619 1833 655 1889; x_wconf 90' lang='lat' dir='ltr'><strong>et</strong></span> <span class='ocrx_word' id='word_1_92' title='bbox 675 1817 783 1889; x_wconf 90' lang='lat' dir='ltr'><strong>solita</strong></span> <span class='ocrx_word' id='word_1_93' title='bbox 796 1842 840 1887; x_wconf 85' lang='lat' dir='ltr'><strong>ex</strong></span> <span class='ocrx_word' id='word_1_94' title='bbox 858 1841 923 1888; x_wconf 86' lang='lat' dir='ltr'><strong>ore</strong></span> <span class='ocrx_word' id='word_1_95' title='bbox 936 1831 1129 1887; x_wconf 89' lang='lat' dir='ltr'><strong>transeant</strong></span> 
     </span>
    </p>
   </div>
   <div class='ocr_carea' id='block_1_7' title="bbox 120 1930 1129 2385">
    <p class='ocr_par' dir='ltr' id='par_1_7' title="bbox 120 1930 1129 2385">
     <span class='ocr_line' id='line_1_15' title="bbox 120 1930 1129 2034; baseline -0.003 -28"><span class='ocrx_word' id='word_1_96' title='bbox 120 1936 160 2006; x_wconf 94' lang='lat' dir='ltr'><strong>in</strong></span> <span class='ocrx_word' id='word_1_97' title='bbox 174 1932 298 2008; x_wconf 84' lang='lat' dir='ltr'><strong>fauces</strong></span> <span class='ocrx_word' id='word_1_98' title='bbox 305 1990 316 2023; x_wconf 96' lang='lat'><strong>,</strong></span> <span class='ocrx_word' id='word_1_99' title='bbox 328 1936 615 2033; x_wconf 85' lang='lat' dir='ltr'><strong>explicationem</strong></span> <span class='ocrx_word' id='word_1_100' title='bbox 625 1935 728 2007; x_wconf 93' lang='lat' dir='ltr'><strong>haud</strong></span> <span class='ocrx_word' id='word_1_101' title='bbox 739 1930 1026 2034; x_wconf 75' lang='lat' dir='ltr'><strong>requiras-Mihi</strong></span> <span class='ocrx_word' id='word_1_102' title='bbox 1038 1943 1129 2003; x_wconf 79' lang='lat' dir='ltr'><strong>vero</strong></span> 
     </span>
     <span class='ocr_line' id='line_1_16' title="bbox 121 2040 1127 2154; baseline -0.002 -30"><span class='ocrx_word' id='word_1_103' title='bbox 121 2055 293 2152; x_wconf 90' lang='lat' dir='ltr'><strong>quamvis</strong></span> <span class='ocrx_word' id='word_1_104' title='bbox 303 2052 366 2125; x_wconf 91' lang='lat' dir='ltr'><strong>hic</strong></span> <span class='ocrx_word' id='word_1_105' title='bbox 376 2079 501 2152; x_wconf 89' lang='lat' dir='ltr'><strong>neque</strong></span> <span class='ocrx_word' id='word_1_106' title='bbox 512 2053 631 2141; x_wconf 81' lang='lat' dir='ltr'><strong>iocus,</strong></span> <span class='ocrx_word' id='word_1_107' title='bbox 645 2077 768 2149; x_wconf 85' lang='lat' dir='ltr'><strong>neque</strong></span> <span class='ocrx_word' id='word_1_108' title='bbox 782 2067 932 2150; x_wconf 88' lang='lat' dir='ltr'><strong>tempus</strong></span> <span class='ocrx_word' id='word_1_109' title='bbox 942 2040 987 2154; x_wconf 71' lang='lat' dir='ltr'><strong>sit</strong></span> <span class='ocrx_word' id='word_1_110' title='bbox 998 2067 1127 2142; x_wconf 88' lang='lat' dir='ltr'><strong>totam,</strong></span> 
     </span>
     <span class='ocr_line' id='line_1_17' title="bbox 121 2157 1129 2270; baseline -0.002 -27"><span class='ocrx_word' id='word_1_111' title='bbox 121 2187 164 2243; x_wconf 90' lang='lat' dir='ltr'><strong>ut</strong></span> <span class='ocrx_word' id='word_1_112' title='bbox 178 2196 238 2243; x_wconf 91' lang='lat' dir='ltr'><strong>res</strong></span> <span class='ocrx_word' id='word_1_113' title='bbox 252 2187 444 2270; x_wconf 91' lang='lat' dir='ltr'><strong>posceret,</strong></span> <span class='ocrx_word' id='word_1_114' title='bbox 457 2194 590 2243; x_wconf 88' lang='lat' dir='ltr'><strong>eorum</strong></span> <span class='ocrx_word' id='word_1_115' title='bbox 607 2172 829 2243; x_wconf 89' lang='lat' dir='ltr'><strong>sententiam</strong></span> <span class='ocrx_word' id='word_1_116' title='bbox 844 2157 1129 2260; x_wconf 76' lang='lat' dir='ltr'><strong>considerandi,</strong></span> 
     </span>
     <span class='ocr_line' id='line_1_18' title="bbox 123 2288 1127 2385; baseline -0.001 -26"><span class='ocrx_word' id='word_1_117' title='bbox 123 2304 223 2360; x_wconf 87' lang='lat' dir='ltr'><strong>certe</strong></span> <span class='ocrx_word' id='word_1_118' title='bbox 252 2290 291 2357; x_wconf 93' lang='lat' dir='ltr'><strong>in</strong></span> <span class='ocrx_word' id='word_1_119' title='bbox 321 2314 362 2360; x_wconf 92' lang='lat' dir='ltr'><strong>ea</strong></span> <span class='ocrx_word' id='word_1_120' title='bbox 384 2315 463 2360; x_wconf 94' lang='lat' dir='ltr'><strong>non</strong></span> <span class='ocrx_word' id='word_1_121' title='bbox 487 2314 606 2361; x_wconf 93' lang='lat' dir='ltr'><strong>unum</strong></span> <span class='ocrx_word' id='word_1_122' title='bbox 631 2304 686 2362; x_wconf 89' lang='lat' dir='ltr'><strong>est</strong></span> <span class='ocrx_word' id='word_1_123' title='bbox 712 2288 817 2385; x_wconf 85' lang='lat' dir='ltr'><strong>quod</strong></span> <span class='ocrx_word' id='word_1_124' title='bbox 846 2289 1017 2385; x_wconf 78' lang='lat' dir='ltr'><strong>accipere</strong></span> <span class='ocrx_word' id='word_1_125' title='bbox 1046 2299 1127 2358; x_wconf 86' lang='lat' dir='ltr'><strong>non</strong></span> 
     </span>
    </p>
   </div>
   <div class='ocr_carea' id='block_1_8' title="bbox 115 2406 1130 2505">
    <p class='ocr_par' dir='ltr' id='par_1_8' title="bbox 115 2406 1130 2505">
     <span class='ocr_line' id='line_1_19' title="bbox 115 2406 1130 2505; baseline -0.001 -28"><span class='ocrx_word' id='word_1_126' title='bbox 115 2408 272 2504; x_wconf 89' lang='lat' dir='ltr'><strong>possim.</strong></span> <span class='ocrx_word' id='word_1_127' title='bbox 295 2409 373 2478; x_wconf 88' lang='lat' dir='ltr'><strong>Nec</strong></span> <span class='ocrx_word' id='word_1_128' title='bbox 394 2432 453 2476; x_wconf 89' lang='lat' dir='ltr'><strong>me</strong></span> <span class='ocrx_word' id='word_1_129' title='bbox 477 2408 661 2504; x_wconf 84' lang='lat' dir='ltr'><strong>praeterit,</strong></span> <span class='ocrx_word' id='word_1_130' title='bbox 681 2406 785 2505; x_wconf 92' lang='lat' dir='ltr'><strong>quod</strong></span> <span class='ocrx_word' id='word_1_131' title='bbox 801 2406 863 2476; x_wconf 87' lang='lat' dir='ltr'><strong>hic</strong></span> <span class='ocrx_word' id='word_1_132' title='bbox 881 2408 991 2495; x_wconf 89' lang='lat' dir='ltr'><strong>etiarn</strong></span> <span class='ocrx_word' id='word_1_133' title='bbox 1009 2407 1048 2476; x_wconf 94' lang='lat' dir='ltr'><strong>in</strong></span> <span class='ocrx_word' id='word_1_134' title='bbox 1070 2410 1130 2476; x_wconf 89' lang='lat' dir='ltr'><strong>Se·</strong></span> 
     </span>
    </p>
   </div>
   <div class='ocr_carea' id='block_1_9' title="bbox 120 2520 1131 2975">
    <p class='ocr_par' dir='ltr' id='par_1_9' title="bbox 120 2520 1131 2975">
     <span class='ocr_line' id='line_1_20' title="bbox 123 2520 1131 2622; baseline -0.001 -27"><span class='ocrx_word' id='word_1_135' title='bbox 123 2524 328 2622; x_wconf 90' lang='lat' dir='ltr'><strong>pulchreto</strong></span> <span class='ocrx_word' id='word_1_136' title='bbox 345 2523 401 2621; x_wconf 74' lang='lat' dir='ltr'><strong>(a)</strong></span> <span class='ocrx_word' id='word_1_137' title='bbox 417 2524 577 2620; x_wconf 86' lang='lat' dir='ltr'><strong>legitur,</strong></span> <span class='ocrx_word' id='word_1_138' title='bbox 596 2549 616 2594; x_wconf 91' lang='lat' dir='ltr'><strong>a</strong></span> <span class='ocrx_word' id='word_1_139' title='bbox 633 2520 749 2595; x_wconf 78' lang='lat' dir='ltr'><strong>Panto</strong></span> <span class='ocrx_word' id='word_1_140' title='bbox 774 2523 950 2594; x_wconf 87' lang='lat' dir='ltr'><strong>Barbetta</strong></span> <span class='ocrx_word' id='word_1_141' title='bbox 973 2525 1131 2595; x_wconf 87' lang='lat' dir='ltr'><strong>adnota-</strong></span> 
     </span>
     <span class='ocr_line' id='line_1_21' title="bbox 121 2643 1129 2741; baseline -0.002 -27"><span class='ocrx_word' id='word_1_142' title='bbox 121 2657 225 2730; x_wconf 89' lang='lat' dir='ltr'><strong>tum,</strong></span> <span class='ocrx_word' id='word_1_143' title='bbox 251 2643 407 2714; x_wconf 90' lang='lat' dir='ltr'><strong>minime</strong></span> <span class='ocrx_word' id='word_1_144' title='bbox 434 2667 521 2714; x_wconf 90' lang='lat' dir='ltr'><strong>cum</strong></span> <span class='ocrx_word' id='word_1_145' title='bbox 551 2667 700 2740; x_wconf 86' lang='lat' dir='ltr'><strong>eaquae</strong></span> <span class='ocrx_word' id='word_1_146' title='bbox 725 2667 837 2741; x_wconf 89' lang='lat' dir='ltr'><strong>supra</strong></span> <span class='ocrx_word' id='word_1_147' title='bbox 862 2643 1029 2738; x_wconf 87' lang='lat' dir='ltr'><strong>exposita</strong></span> <span class='ocrx_word' id='word_1_148' title='bbox 1054 2657 1129 2729; x_wconf 88' lang='lat' dir='ltr'><strong>est,</strong></span> 
     </span>
     <span class='ocr_line' id='line_1_22' title="bbox 120 2758 1128 2859; baseline -0.004 -26"><span class='ocrx_word' id='word_1_149' title='bbox 120 2761 370 2859; x_wconf 85' lang='lat' dir='ltr'><strong>explicatione</strong></span> <span class='ocrx_word' id='word_1_150' title='bbox 384 2761 612 2832; x_wconf 88' lang='lat' dir='ltr'><strong>consentire.</strong></span> <span class='ocrx_word' id='word_1_151' title='bbox 633 2764 776 2832; x_wconf 88' lang='lat' dir='ltr'><strong>Verum</strong></span> <span class='ocrx_word' id='word_1_152' title='bbox 792 2761 822 2831; x_wconf 92' lang='lat' dir='ltr'><strong>si</strong></span> <span class='ocrx_word' id='word_1_153' title='bbox 838 2759 998 2856; x_wconf 76' lang='lat' dir='ltr'><strong>loquelae</strong></span> <span class='ocrx_word' id='word_1_154' title='bbox 1018 2758 1128 2832; x_wconf 84' lang='lat' dir='ltr'><strong>simul</strong></span> 
     </span>
     <span class='ocr_line' id='line_1_23' title="bbox 123 2877 1129 2975; baseline -0.003 -25"><span class='ocrx_word' id='word_1_155' title='bbox 123 2892 202 2950; x_wconf 90' lang='lat' dir='ltr'><strong>erat</strong></span> <span class='ocrx_word' id='word_1_156' title='bbox 211 2879 388 2966; x_wconf 78' lang='lat' dir='ltr'><strong>abolitio,</strong></span> <span class='ocrx_word' id='word_1_157' title='bbox 404 2880 492 2950; x_wconf 91' lang='lat' dir='ltr'><strong>vitia</strong></span> <span class='ocrx_word' id='word_1_158' title='bbox 502 2879 572 2949; x_wconf 87' lang='lat' dir='ltr'><strong>alia</strong></span> <span class='ocrx_word' id='word_1_159' title='bbox 589 2877 729 2949; x_wconf 81' lang='lat' dir='ltr'><strong>fuerint</strong></span> <span class='ocrx_word' id='word_1_160' title='bbox 740 2902 893 2949; x_wconf 85' lang='lat' dir='ltr'><strong>necesse</strong></span> <span class='ocrx_word' id='word_1_161' title='bbox 911 2893 981 2966; x_wconf 88' lang='lat' dir='ltr'><strong>est,</strong></span> <span class='ocrx_word' id='word_1_162' title='bbox 994 2893 1129 2975; x_wconf 86' lang='lat' dir='ltr'><strong>praeter</strong></span> 
     </span>
    </p>
   </div>
   <div class='ocr_carea' id='block_1_10' title="bbox 51 2996 1129 3095">
    <p class='ocr_par' dir='ltr' id='par_1_10' title="bbox 51 2996 1129 3095">
     <span class='ocr_line' id='line_1_24' title="bbox 51 2996 1129 3095; baseline -0.001 -30"><span class='ocrx_word' id='word_1_163' title='bbox 51 3036 54 3045; x_wconf 90' lang='lat'><strong>.</strong></span> <span class='ocrx_word' id='word_1_164' title='bbox 112 2996 352 3094; x_wconf 74' lang='lat' dir='ltr'><strong>:epiglottidis</strong></span> <span class='ocrx_word' id='word_1_165' title='bbox 372 2998 411 3066; x_wconf 93' lang='lat' dir='ltr'><strong>in</strong></span> <span class='ocrx_word' id='word_1_166' title='bbox 437 2998 635 3094; x_wconf 90' lang='lat' dir='ltr'><strong>potionum</strong></span> <span class='ocrx_word' id='word_1_167' title='bbox 653 2997 813 3068; x_wconf 89' lang='lat' dir='ltr'><strong>transitu</strong></span> <span class='ocrx_word' id='word_1_168' title='bbox 841 2996 1035 3095; x_wconf 80' lang='lat' dir='ltr'><strong>laryngem</strong></span> <span class='ocrx_word' id='word_1_169' title='bbox 1052 3019 1129 3064; x_wconf 84' lang='lat' dir='ltr'><strong>non</strong></span> 
     </span>
    </p>
   </div>
   <div class='ocr_carea' id='block_1_11' title="bbox 121 3102 1128 3211">
    <p class='ocr_par' dir='ltr' id='par_1_11' title="bbox 121 3102 1128 3211">
     <span class='ocr_line' id='line_1_25' title="bbox 121 3102 1128 3211; baseline -0.002 -28"><span class='ocrx_word' id='word_1_170' title='bbox 121 3118 212 3183; x_wconf 81' lang='lat' dir='ltr'><strong>satis</strong></span> <span class='ocrx_word' id='word_1_171' title='bbox 229 3113 434 3184; x_wconf 67' lang='lat' dir='ltr'><strong>claudentis</strong></span> <span class='ocrx_word' id='word_1_172' title='bbox 443 3102 640 3211; x_wconf 63' lang='lat' dir='ltr'><strong>uigorem,</strong></span> <span class='ocrx_word' id='word_1_173' title='bbox 660 3114 736 3185; x_wconf 87' lang='lat' dir='ltr'><strong>sive</strong></span> <span class='ocrx_word' id='word_1_174' title='bbox 752 3114 1051 3200; x_wconf 78' lang='lat' dir='ltr'><strong>indurationem,</strong></span> <span class='ocrx_word' id='word_1_175' title='bbox 1067 3113 1128 3182; x_wconf 91' lang='lat' dir='ltr'><strong>cui</strong></span> 
     </span>
    </p>
   </div>
   <div class='ocr_carea' id='block_1_12' title="bbox 111 3232 1129 3447">
    <p class='ocr_par' dir='ltr' id='par_1_12' title="bbox 111 3232 1129 3447">
     <span class='ocr_line' id='line_1_26' title="bbox 111 3232 1129 3330; baseline 0.005 -35"><span class='ocrx_word' id='word_1_176' title='bbox 111 3232 190 3302; x_wconf 82' lang='lat' dir='ltr'><strong>‚nni</strong></span> <span class='ocrx_word' id='word_1_177' title='bbox 214 3233 340 3302; x_wconf 91' lang='lat' dir='ltr'><strong>omnia</strong></span> <span class='ocrx_word' id='word_1_178' title='bbox 357 3232 491 3304; x_wconf 90' lang='lat' dir='ltr'><strong>Paulus</strong></span> <span class='ocrx_word' id='word_1_179' title='bbox 511 3232 655 3304; x_wconf 90' lang='lat' dir='ltr'><strong>tribuit.</strong></span> <span class='ocrx_word' id='word_1_180' title='bbox 674 3232 775 3323; x_wconf 87' lang='lat' dir='ltr'><strong>Quid</strong></span> <span class='ocrx_word' id='word_1_181' title='bbox 793 3257 883 3304; x_wconf 83' lang='lat' dir='ltr'><strong>vero</strong></span> <span class='ocrx_word' id='word_1_182' title='bbox 902 3246 1036 3330; x_wconf 85' lang='lat' dir='ltr'><strong>praeter</strong></span> <span class='ocrx_word' id='word_1_183' title='bbox 1051 3232 1129 3327; x_wconf 86' lang='lat' dir='ltr'><strong>epi-</strong></span> 
     </span>
     <span class='ocr_line' id='line_1_27' title="bbox 112 3347 1128 3447; baseline 0.002 -31"><span class='ocrx_word' id='word_1_184' title='bbox 112 3347 320 3446; x_wconf 85' lang='lat' dir='ltr'><strong>-glottidem</strong></span> <span class='ocrx_word' id='word_1_185' title='bbox 333 3350 373 3420; x_wconf 92' lang='lat' dir='ltr'><strong>in</strong></span> <span class='ocrx_word' id='word_1_186' title='bbox 390 3349 461 3420; x_wconf 89' lang='lat' dir='ltr'><strong>alia</strong></span> <span class='ocrx_word' id='word_1_187' title='bbox 477 3349 639 3447; x_wconf 90' lang='lat' dir='ltr'><strong>quadam</strong></span> <span class='ocrx_word' id='word_1_188' title='bbox 654 3348 915 3422; x_wconf 86' lang='lat' dir='ltr'><strong>observatione</strong></span> <span class='ocrx_word' id='word_1_189' title='bbox 932 3364 1128 3446; x_wconf 86' lang='lat' dir='ltr'><strong>peccaret,</strong></span> 
     </span>
    </p>
   </div>
   <div class='ocr_carea' id='block_1_13' title="bbox 122 3465 1129 3566">
    <p class='ocr_par' dir='ltr' id='par_1_13' title="bbox 122 3465 1129 3566">
     <span class='ocr_line' id='line_1_28' title="bbox 122 3465 1129 3566; baseline 0 -32"><span class='ocrx_word' id='word_1_190' title='bbox 122 3467 162 3535; x_wconf 90' lang='lat' dir='ltr'><strong>in</strong></span> <span class='ocrx_word' id='word_1_191' title='bbox 175 3491 249 3564; x_wconf 90' lang='lat' dir='ltr'><strong>qua</strong></span> <span class='ocrx_word' id='word_1_192' title='bbox 264 3466 552 3566; x_wconf 84' lang='lat' dir='ltr'><strong>deglutitionem</strong></span> <span class='ocrx_word' id='word_1_193' title='bbox 566 3484 643 3538; x_wconf 84' lang='lat' dir='ltr'><strong>tam</strong></span> <span class='ocrx_word' id='word_1_194' title='bbox 656 3467 862 3539; x_wconf 82' lang='lat' dir='ltr'><strong>solidorum</strong></span> <span class='ocrx_word' id='word_1_195' title='bbox 881 3492 994 3565; x_wconf 83' lang='lat' dir='ltr'><strong>quam</strong></span> <span class='ocrx_word' id='word_1_196' title='bbox 1022 3465 1129 3563; x_wconf 80' lang='lat' dir='ltr'><strong>liqui·</strong></span> 
     </span>
    </p>
   </div>
   <div class='ocr_carea' id='block_1_14' title="bbox 119 3709 1129 4006">
    <p class='ocr_par' dir='ltr' id='par_1_14' title="bbox 119 3709 1129 4006">
     <span class='ocr_line' id='line_1_29' title="bbox 161 3709 1129 3809; baseline 0.003 -25"><span class='ocrx_word' id='word_1_197' title='bbox 161 3729 204 3807; x_wconf 77' lang='grc' dir='ltr'><strong>(ι)</strong></span> <span class='ocrx_word' id='word_1_198' title='bbox 226 3727 302 3804; x_wconf 84' lang='lat' dir='ltr'><strong>Eph.</strong></span> <span class='ocrx_word' id='word_1_199' title='bbox 320 3733 357 3786; x_wconf 85' lang='lat' dir='ltr'><strong>N·</strong></span> <span class='ocrx_word' id='word_1_200' title='bbox 374 3732 406 3786; x_wconf 87' lang='lat' dir='ltr'><strong>C.</strong></span> <span class='ocrx_word' id='word_1_201' title='bbox 421 3732 491 3788; x_wconf 88' lang='lat' dir='ltr'><strong>Dec.</strong></span> <span class='ocrx_word' id='word_1_202' title='bbox 510 3733 544 3804; x_wconf 81' lang='lat'><strong>3,</strong></span> <span class='ocrx_word' id='word_1_203' title='bbox 563 3735 599 3788; x_wconf 75' lang='lat' dir='ltr'><strong>A.</strong></span> <span class='ocrx_word' id='word_1_204' title='bbox 613 3752 647 3807; x_wconf 90' lang='lat'><strong>9,</strong></span> <span class='ocrx_word' id='word_1_205' title='bbox 663 3709 728 3790; x_wconf 61' lang='lat' dir='ltr'><strong>obs.&gt;</strong></span> <span class='ocrx_word' id='word_1_206' title='bbox 745 3750 816 3803; x_wconf 72' lang='grc' dir='ltr'><strong>ω,</strong></span> <span class='ocrx_word' id='word_1_207' title='bbox 837 3744 866 3789; x_wconf 86' lang='grc' dir='ltr'><strong>θῖ</strong></span> <span class='ocrx_word' id='word_1_208' title='bbox 878 3733 999 3809; x_wconf 83' lang='lat' dir='ltr'><strong>Slevogt</strong></span> <span class='ocrx_word' id='word_1_209' title='bbox 1009 3731 1079 3788; x_wconf 90' lang='lat' dir='ltr'><strong>diss.</strong></span> <span class='ocrx_word' id='word_1_210' title='bbox 1092 3731 1129 3787; x_wconf 88' lang='lat' dir='ltr'><strong>de</strong></span> 
     </span>
     <span class='ocr_line' id='line_1_30' title="bbox 119 3830 425 3909; baseline -0.003 -23"><span class='ocrx_word' id='word_1_211' title='bbox 119 3831 235 3909; x_wconf 79' lang='lat' dir='ltr'><strong>gurgul.</strong></span> <span class='ocrx_word' id='word_1_212' title='bbox 256 3831 316 3900; x_wconf 78' lang='lat'><strong>§61</strong></span> <span class='ocrx_word' id='word_1_213' title='bbox 335 3841 364 3886; x_wconf 90' lang='lat' dir='ltr'><strong>et</strong></span> <span class='ocrx_word' id='word_1_214' title='bbox 377 3830 425 3887; x_wconf 81' lang='lat'><strong>63.</strong></span> 
     </span>
     <span class='ocr_line' id='line_1_31' title="bbox 161 3929 345 4006; baseline -0.016 -21"><span class='ocrx_word' id='word_1_215' title='bbox 161 3929 206 4006; x_wconf 80' lang='lat' dir='ltr'><strong>(a)</strong></span> <span class='ocrx_word' id='word_1_216' title='bbox 228 3929 301 3986; x_wconf 89' lang='lat' dir='ltr'><strong>Obs.</strong></span> <span class='ocrx_word' id='word_1_217' title='bbox 318 3929 345 3986; x_wconf 88' lang='grc'><strong>6.</strong></span> 
     </span>
    </p>
   </div>
   <div class='ocr_carea' id='block_1_15' title="bbox 0 0 1297 4514">
    <p class='ocr_par' dir='ltr' id='par_1_15' title="bbox 0 0 1297 4514">
     <span class='ocr_line' id='line_1_32' title="bbox 0 0 1297 4514; baseline 0 0"><span class='ocrx_word' id='word_1_218' title='bbox 0 0 1297 4514; x_wconf 95' lang='lat' dir='ltr'><strong> </strong></span> 
     </span>
    </p>
   </div>
  </div>
 </body>
</html>
