2580 4514
185 400 256 446 mr.
283 398 340 471 ιη.
370 397 417 443 nn
443 397 580 444 nonnis
605 397 776 463 vaurms,
802 400 914 447 arisr.
942 402 1041 447 xxix.
1077 376 1124 448 65
1150 453 1153 459 ,

119 508 1125 611 firmiorcspraeterea‚ete0tlemquototaliasglantlulas

119 625 557 726 dixi‚purulent0ichore
567 642 759 699 scatentes.
770 632 1000 701 Sanatamen
1011 630 1127 702 velad

119 746 290 844 jugulum
308 746 443 816 arteria
452 767 597 842 aspera,
609 759 651 815 ut
662 760 764 816 totus
780 748 921 843 pariter
931 748 978 818 ab
990 750 1066 818 imo
1078 748 1125 819 ad

119 887 307 936 summum
327 860 562 960 oesophagus.
581 865 714 960 Neque
729 865 767 933 in
788 864 1125 964 pulmonibusqui
1176 898 1178 916 =

119 996 221 1053 erant
235 1005 324 1052 aere
340 979 543 1079 turgiduli,
562 980 770 1078 quidquam
791 981 872 1052 vitii
891 983 1125 1069 animadver-e

119 1124 197 1172 sum
215 1114 300 1171 est:
326 1123 453 1196 neque
472 1099 513 1169 in
532 1097 658 1185 corde,
671 1101 701 1170 si
720 1099 916 1171 tubercula
933 1105 1125 1199 exciperes

119 1214 1125 1316 subrutundadepressa,exduriusculacompactaqne

119 1335 357 1423 substantia,
388 1333 521 1406 crebra
553 1334 648 1405 adeo
679 1350 720 1406 ut
749 1332 826 1406 lere
860 1337 1127 1434 contingerent

119 1454 293 1542 intense,
318 1477 401 1550 quae
420 1452 508 1524 totis
531 1452 657 1524 limbis
680 1451 897 1524 insidebant
920 1437 1127 1525 mitraliu'm

119 1571 375 1659 valvularum3
392 1572 431 1640 in
455 1595 532 1641 una
550 1585 674 1643 autem
690 1572 974 1643 semilunarium
993 1598 1127 1670 quam-

119 1688 219 1777 dam,
231 1713 318 1787 quae
328 1703 558 1776 accreverat,
572 1689 679 1785 quasi
695 1690 950 1786 squamulam,
961 1691 1127 1763 necdum

119 1821 241 1879 tamen
274 1830 431 1877 osseam.
463 1805 671 1877 Cerebrum
702 1805 868 1904 denique
898 1833 978 1879 non
1009 1807 1126 1878 modo

119 1951 193 1997 non
216 1921 452 2012 laxum‚sed
476 1923 523 1994 ad
548 1923 687 1995 durum
713 1949 893 2022 vergens,
917 1928 1128 1997 secundum

119 2057 292 2114 naturam
313 2067 352 2114 se
367 2040 521 2128 habuit,
542 2042 614 2114 nisi
633 2042 738 2139 quod
751 2043 790 2111 in
803 2042 1018 2115 lateralibus
1037 2055 1127 2117 ven‘·

119 2161 262 2232 triculis
290 2161 399 2258 copia
429 2176 509 2232 erat
538 2161 664 2257 aliqua
695 2161 891 2258 pellucidae
919 2187 1024 2258 aquae
1051 2217 1061 2250 ,
1091 2177 1128 2234 et
1163 2224 1169 2235 .

119 2278 250 2377 plexus
266 2276 467 2350 choroides
484 2277 687 2376 pallebant.
699 2279 858 2350 Pinealis
878 2297 1002 2351 autent
1020 2281 1126 2376 glan-

120 2396 205 2470 dula
223 2395 296 2467 fuit
315 2397 509 2493 aliquanto
529 2399 647 2494 magis
663 2422 777 2493 quam
793 2398 928 2486 soleat,
941 2415 978 2470 et
997 2397 1126 2489 firma,

120 2515 324 2613 etglobosa
342 2529 379 2585 et
401 2517 517 2612 magis
536 2514 583 2585 ad
601 2514 730 2585 album
753 2516 968 2588 inclinabat.
988 2509 1101 2610 Quod
1115 2559 1129 2608 ,-

119 2635 264 2707 tametsi
288 2635 407 2730 ipsam
433 2657 553 2704 nunc·
561 2634 732 2731 plerique
752 2659 822 2730 pro
844 2634 1021 2732 glandula
1046 2662 1127 2708 non

119 2749 305 2857 babeante
320 2752 461 2848 placuit
475 2767 601 2822 tamen
618 2777 696 2822 non
717 2753 889 2824 omittere
913 2754 950 2823 in
975 2779 1020 2862 eo
1043 2779 1126 2825 cor-

119 2893 207 2967 pore
218 2871 344 2968 inquo
355 2869 1123 2966 totglandulasvitiosasanimadvertimus.

165 2989 223 3063 13.
243 2987 530 3058 Animadversio
548 2986 677 3060 eadem
693 2985 802 3073 facit,
818 3004 859 3059 ut
875 2989 1026 3061 initium
1042 2992 1125 3061 diu·

119 3107 240 3195 turni,
258 3119 297 3178 et
315 3107 383 3203 qui
402 3107 599 3176 mulierem
620 3104 772 3176 tandem
792 3104 978 3194 confecit,
999 3107 1126 3179 morbi

119 3222 298 3320 inaliqua
317 3221 431 3296 luisse
446 3224 646 3294 ventriculi
664 3223 841 3321 glandula
866 3227 1131 3321 suspicemur.‚'

119 3343 253 3413 sensim
276 3357 407 3428 aucta,
426 3356 463 3411 et
480 3341 653 3430 duriore,
675 3366 717 3413 ac
737 3357 885 3413 tumore
907 3367 976 3416 suo
1000 3343 1129 3417 obsta*-

119 3459 242 3530 culum
255 3456 630 3557 sanguiniafferente‚
646 3474 689 3529 ut
698 3485 742 3529 ex
750 3460 911 3531 dilatatis
921 3477 1125 3559 propterea

119 3577 245 3650 ricinis
266 3577 427 3648 vasculis
444 3602 524 3647 non
543 3577 657 3648 semel
678 3593 910 3675 erumperet,
929 3581 968 3648 in
986 3577 1125 3652 femina

120 3696 317 3789 prasertim
337 3719 421 3792 quae
436 3719 620 3793 generoso
637 3695 726 3765 vino
747 3711 783 3765 et
796 3697 898 3767 salsis
913 3697 1006 3769 cibis
1030 3699 1124 3769 abu'-

121 3821 265 3893 teretur.
280 3819 362 3904 Qua
374 3814 665 3910 intemperantia
677 3797 924 3910 posteaquam
939 3815 1125 3912 glandulae

124 3950 193 4001 non
204 3932 322 4006 moles
333 3930 528 4019 duntaxat,
544 3947 581 4004 et
592 3933 759 4022 extensio
771 3930 952 4030 paulatim
966 3933 1125 4008 adaucta

184 4053 217 4135 4.
949 4047 969 4119 5
