2654 4508
247 377 318 452 270
410 373 457 418 DE
483 371 635 420 SEDIBUS·
655 373 699 418 m
724 372 848 420 ctusts
865 373 1081 423 ‘MORBORUM

242 492 333 578 rias,
353 511 445 585 quas
462 509 548 556 cum
558 482 790 582 praeceptore
811 485 1080 558 Cassebohmio
1097 487 1244 566 habitas

240 604 357 681 ¹edidit
374 606 418 675 cl.
438 609 493 674 Jo.
503 601 697 673 Zacharias
715 602 963 701 Petsche,(1)
981 603 1021 674 in
1039 607 1242 702 quamdam
1305 595 1309 599 ⁴

239 723 357 796 incidi
368 723 520 793 alterius
539 719 707 808 feminee,
728 716 786 818 t'uj
794 745 834 791 us
854 727 995 793 arteria
1003 723 1242 821 pulmonalis

241 855 406 940 quatuor
424 838 597 911 vulvulus
610 839 794 926 habebat,
819 863 951 936 nempe
970 855 1042 910 tres
1058 843 1240 938 naajores,

240 973 415 1056 quartam
444 979 536 1028 vero
573 962 762 1026 minorem.
797 959 885 1052 Ejus
919 972 1063 1027 aortam
1097 956 1243 1033 feminee

239 1076 355 1164 duos,
375 1074 477 1145 haud
490 1075 667 1171 amplius,
679 1097 805 1146 ramos
823 1097 972 1146 sursum
985 1075 1127 1147 misisse
1147 1078 1241 1175 legi·

154 1262 158 1271 ,
237 1218 341 1283 mus;
367 1193 432 1266 sed
457 1207 551 1290 quot
571 1217 711 1278 annos,
737 1208 774 1262 et
801 1214 893 1264 mm
916 1215 1004 1263 sana
1030 1194 1182 1285 vixerit,
1206 1211 1243 1269 et

237 1338 314 1411 quo
331 1339 376 1385 ex
392 1310 529 1383 morbo
543 1309 758 1399 decesserit,
778 1333 856 1380 non
879 1323 934 1380 est
948 1307 1133 1382 additum.

291 1431 343 1502 16.
365 1433 475 1502 Nunc
489 1453 568 1500 rem
586 1427 675 1498 alibi
689 1452 803 1524 quam
821 1429 860 1497 in
876 1427 991 1499 corde
1002 1482 1012 1516 ,
1023 1429 1092 1499 uhi
1107 1443 1241 1501 natura

238 1549 310 1621 sibi
328 1547 421 1619 adeo
442 1561 613 1617 constare
631 1545 751 1631 tentet,
778 1570 856 1615 non
880 1570 1110 1644 magnopere
1125 1561 1242 1618 atten-

236 1663 399 1737 dendam
419 1664 663 1760 relinquens,
682 1662 729 1733 ad
749 1661 919 1733 herniam
948 1662 1064 1734 redeo
1085 1686 1241 1761 parvam

236 1780 412 1880 quidem,
428 1780 492 1852 sed
511 1778 698 1851 lethalem.
718 1784 764 1849 Et
787 1803 874 1850 sane
897 1793 1040 1876 quanto
1062 1778 1109 1850 ab
1131 1781 1239 1877 aegris

236 1901 287 1972 ob
302 1901 521 1998 parvitatem
545 1899 663 1996 magis
684 1897 824 1968 herniae
848 1899 1115 1997 negliguntur,
1132 1912 1239 1970 tanto

235 2042 330 2117 saepe
347 2015 444 2088 fiunt
459 2017 612 2089 demum
632 2016 941 2116 periculosiores,
956 2031 999 2086 ut
1011 2014 1075 2086 illa
1089 2011 1159 2086 fuit
1176 2039 1239 2088 cu-

230 2139 292 2234 jus
309 2136 478 2208 sacculus
496 2141 565 2207 viar
584 2141 855 2205 extremitatem
878 2133 988 2230 digiti
1004 2132 1135 2204 indicis
1150 2140 1239 2205 reei-

228 2256 362 2354 piebat
373 2253 435 2351 (a).
456 2257 548 2325 Cum
565 2252 712 2324 sacculo
727 2255 826 2322 enim
841 2254 976 2350 exiguo
989 2249 1132 2322 facilius
1143 2275 1238 2324 con-

233 2372 460 2470 glutinatur,
480 2371 692 2467 arctiusque
711 2370 751 2439 in
771 2394 816 2441 eo
830 2369 1103 2466 constringitur
1121 2371 1238 2449 intes-

200 2473 204 2482 ’
230 2492 364 2573 tinum.
380 2487 533 2561 Accedit
553 2486 603 2558 ob
627 2488 833 2586 neglectam
854 2487 1093 2585 parvitatem,
1111 2512 1232 2584 aegro-

229 2632 326 2698 rum,
339 2607 540 2695 silentium,
551 2622 643 2677 tunc
652 2606 763 2676 etiam
778 2626 865 2677 cnm
878 2605 1019 2676 ventris
1032 2604 1232 2678 doloribus

229 2728 399 2824 torqueri
415 2727 625 2823 incipiunt3
645 2739 688 2795 ut
710 2727 799 2797 scite
828 2724 895 2797 cel.
925 2722 1154 2796 Werlhofius
1172 2723 1231 2823 (3)

228 2844 423 2918 medentes
441 2842 666 2931 admoneat,
682 2845 1031 2941 neproetermittant
1048 2822 1085 2911 iri
1104 2838 1231 2914 eottcts

220 2962 503 3062 pathematibus
521 2965 705 3057 inquirere
720 2961 940 3047 inhermes,
960 2981 1047 3055 quae
1062 2983 1164 3056 saepe
1180 2960 1238 3032 vel

227 3087 374 3174 exiguae
389 3093 495 3164 sunt,
516 3093 552 3147 et
563 3078 614 3148 ab
629 3087 779 3174 cegrotis
797 3084 949 3174 insuper
963 3075 1238 3166 habentur,vel
1303 3139 1309 3152 .

158 3272 167 3309 Ι,
218 3195 372 3295 pudore
392 3194 625 3266 occultantur
636 3221 651 3282 ,·
665 3210 702 3267 et
719 3195 790 3269 sibi
816 3208 939 3282 certe,
964 3194 1133 3290 quamvis
1161 3196 1233 3266 ite·

226 3337 310 3384 rum
325 3313 537 3409 iterumque
559 3313 785 3409 inquirenti,
812 3310 989 3383 accidisse
1009 3336 1087 3384 non
1117 3311 1232 3384 semel

224 3416 360 3518 referi,
373 3446 415 3501 ut
431 3428 469 3500 id
484 3443 705 3528 egrotantes
723 3429 771 3501 ad
790 3444 1000 3503 extremum
1015 3426 1092 3501 lere
1108 3453 1230 3527 usque

249 3727 308 3804 ·(r)
328 3727 453 3785 Dissert.
469 3747 528 3804 qua
541 3729 661 3804 Sylloge
674 3739 753 3784 anat.
764 3731 830 3787 obs.
844 3741 899 3788 etc.
914 3735 929 3801 ς
942 3737 988 3803 47.

260 3827 304 3905 (a)
326 3827 396 3884 vid.
406 3827 552 3902 act.‘Lips.
567 3828 665 3903 suppl.
675 3839 697 3882 t.
710 3847 737 3899 1,
749 3848 773 3885 s.
787 3849 822 3887 ra
832 3831 865 3886 in
874 3831 959 3887 relat.
972 3830 1066 3887 libelli
1075 3831 1208 3904 Launay.

222 3969 226 3978 ,
260 3927 304 4005 (3)
326 3929 490 3985 Commerc.
504 3926 595 3985 litter.
610 3945 658 3984 an.
673 3926 764 4004 1735.
775 3924 864 3989 hebd.
878 3950 891 3988 1
906 3948 936 3986 n.
954 3930 982 3987 3.
