2580 4514
151 364 222 444 tm.¹
244 397 299 444 111.
329 396 376 443 us
401 388 536 443 nonnis
551 394 722 457 veternis,
748 391 858 441 EPIST.
880 392 1007 439 xxxin.
1038 369 1107 441 235

119 509 297 608 idemque
316 500 451 581 iterum
468 508 582 607 paulo
599 523 686 580 ante
705 533 869 596 coenam,
892 509 922 580 si
944 508 1108 580 necdum

119 627 315 727 quidquam
335 628 496 726 egissent
523 627 668 730 priores
688 625 781 698 duae.
798 628 835 696 Si
854 651 944 697 vero
972 626 1108 697 nihilo·

119 747 231 821 minus
250 745 346 819 dura
363 760 402 817 et
419 746 516 818 sicca
533 760 768 817 recrementa
787 743 870 816 fieri
889 760 1109 844 pergerent3

123 889 188 941 uon
204 890 246 942 ea
260 888 331 963 per
344 865 456 936 uinus
473 878 509 935 et
524 879 703 952 conatus,
719 863 781 935 sed
800 888 874 960 ope
893 878 1109 934 enematum

128 982 340 1057 excludenda
368 1006 448 1055 esse
469 992 673 1055 censerem.
701 987 785 1053 Haec
812 997 936 1052 autem
969 981 1111 1054 selibrae
1186 1010 1188 1017 ’

130 1101 236 1198 pondo
252 1099 355 1173 haud
368 1100 529 1198 amplius
541 1125 619 1198 quo
633 1098 779 1172 facilius
792 1100 947 1172 retineri
959 1115 1112 1197 possent

133 1217 320 1316 adjustum
348 1234 521 1316 tempus,
560 1243 605 1290 ex
635 1218 716 1290 solo
745 1234 869 1289 autem
888 1220 1011 1289 carnis
1026 1220 1111 1314 jure

135 1351 179 1411 tut
192 1362 230 1409 ex
248 1337 480 1423 emulsione‚
502 1352 544 1410 ut
559 1337 767 1436 appellant,
782 1335 917 1407 hordei
930 1351 993 1407 aut
1006 1338 1112 1406 orizae

136 1474 196 1549 que
212 1457 387 1531 semiusta
404 1468 535 1546 antea,
555 1471 592 1553 et
610 1470 715 1527 cocta
730 1469 875 1542 essent,
903 1470 941 1524 et
961 1454 1000 1524 id
1018 1479 1113 1552 quo·

136 1575 247 1666 quad
265 1574 373 1649 Redii
402 1574 661 1648 imitationem.
691 1575 767 1663 Qui
796 1572 962 1670 denique
986 1574 1114 1645 multis

132 1683 217 1765 <effert
232 1691 410 1765 laudibus
430 1707 670 1790 unguentum
690 1690 883 1787 quoddam
906 1691 921 1787 (
942 1707 1113 1762 montena

136 1809 323 1903 vocitatur)
348 1807 487 1907 flavum
508 1835 552 1880 ex
569 1809 684 1898 rosis,
710 1809 822 1905 quale
840 1834 860 1880 a
886 1809 1114 1908 Seplasiariis

131 1925 382 2001 conficiebatur
404 1929 533 2027 Magni
557 1928 713 2001 Etruriae
740 1929 874 2013 Ducis,
898 1926 1114 2014 affirmem,

134 2045 328 2145 prolapsum
360 2048 580 2118 intestinum
611 2045 732 2116 multo
760 2042 905 2118 facilius
929 2047 1115 2143 citiusque

131 2165 266 2259 reponi,
285 2166 316 2236 si
334 2165 416 2261 ejus
432 2178 643 2235 extremum
656 2163 809 2234 liniatur
823 2179 1020 2261 unguento
1034 2163 1113 2251 illo,

129 2296 190 2373 quo
213 2297 463 2381 praeterquam
489 2281 594 2380 quod
620 2281 731 2353 dolor
756 2281 888 2370 leniri,
906 2281 1113 2352 humorum

127 2414 234 2486 tutem
261 2402 470 2474 acrimonia
493 2400 644 2473 retundi
672 2402 834 2500 poterit,
860 2402 1005 2498 inquit,
1030 2402 1113 2472 laesa

122 2536 156 2591 tc
168 2518 359 2593 debilitata
378 2544 464 2618 pars
480 2543 557 2590 non
579 2544 714 2618 parum
734 2519 986 2592 corroborari.
1006 2525 1114 2592 Caete-

119 2658 191 2711 utm
210 2639 379 2710 intestini
398 2639 668 2736 repositionem
684 2641 811 2709 minus
825 2635 1018 2708 difficilem
1033 2638 1116 2706 red·

119 2753 199 2829 lent
214 2759 429 2855 praescripta
445 2755 597 2828 vivendi
612 2759 707 2827 ratio
724 2773 762 2827 et
779 2756 820 2826 ln
840 2755 926 2826 cibo
943 2756 1113 2853 parcitas.

119 2874 164 2949 lic
181 2877 286 2947 euim
302 2900 427 2973 neque
439 2877 479 2945 in
495 2877 671 2974 proximo
692 2875 766 2947 coli
783 2890 902 2946 tractu
927 2875 1036 2971 copia
1056 2897 1117 2943 ex-

119 3008 388 3065 ucmentorum
409 2994 683 3083 cumulabitur,
703 3018 865 3092 quaeres
889 2990 943 3062 illi
968 2989 1117 3063 obstare

119 3112 463 3212 oletrepositioui,
490 3142 562 3189 nec
586 3118 737 3215 sanguis
760 3118 937 3216 gignetur
961 3115 1028 3212 qui
1055 3131 1118 3184 aut

119 3230 358 3304 edundantia
376 3229 469 3323 sua:
477 3251 542 3306 aut
559 3237 650 3308 vitio
670 3237 744 3307 alio
762 3235 952 3306 infirmam
969 3248 1115 3332 partem

119 3345 215 3419 iciat
229 3351 462 3422 crassiorem.
476 3353 589 3444 Quod
601 3379 686 3425 cum
700 3354 869 3426 accidere
881 3353 991 3424 etiam
1006 3367 1118 3449 queat

119 3526 121 3536 .
139 3466 322 3540 'violentis
335 3469 501 3543 motibus
511 3487 549 3543 et
561 3471 895 3544 exercitationibus
913 3500 920 3541 :
942 3470 1009 3542 has
1022 3495 1118 3567 quo-

119 3606 180 3681 [uc
206 3587 384 3658 omittere
408 3589 622 3687 oportebit,
654 3614 725 3662 nec
758 3591 902 3678 minus3
923 3605 965 3660 ut
991 3590 1117 3686 paucis

121 3703 337 3803 omplectar
356 3711 508 3796 omnia,
530 3709 718 3806 quidquid
736 3710 853 3807 longo
872 3708 967 3779 adeo
983 3722 1040 3777 tot
1051 3731 1117 3776 an-

119 3845 241 3892 iorum
279 3815 433 3919 spatio‚'
458 3827 578 3898 multo
612 3829 842 3926 experientia
875 3828 954 3922 ipsa
984 3823 1117 3894 melius
