2580 4514
176 346 247 420 268
340 371 386 416 nr
412 364 556 417 sturnus
581 371 625 416 nr
650 368 773 416 cinsrs
798 368 1013 418 uonnonnrt

176 484 419 584 proximicoli
428 485 665 572 intestini,sic
675 499 856 571 tamen,ut
866 509 935 585 per
945 484 1164 558 hocviasatis

176 605 303 701 pervia
316 617 482 689 restaret,
492 602 613 699 paries
626 615 774 672 tanturn
785 601 1108 673 intercluderetur.
1114 603 1166 699 qui

178 718 317 791 sacculi
332 715 518 789 orificium
537 732 776 815 spectaverat.
791 722 825 790 Is
837 718 984 816 paries,
1004 743 1091 791 curn
1105 741 1168 790 sac·

178 836 264 908 culo
287 835 495 923 cohaerens,
515 849 594 906 erat
619 836 725 932 niger
744 851 781 906 et
802 833 995 908 fracidus:
1014 839 1170 934 proxima

178 970 280 1026 extra
306 953 494 1025 sacculum
528 954 693 1024 intestini
716 977 802 1051 pars
830 953 972 1026 viridis
999 954 1171 1026 Virebant

177 1092 352 1171 quoque,
369 1086 405 1142 et
431 1094 540 1168 grave
560 1069 712 1142 olebant
735 1070 923 1168 plerisque
942 1071 985 1141 in
1003 1072 1101 1143 locis
1124 1072 1172 1143 in·

170 1190 334 1261 -teriores
348 1174 490 1260 ventris
506 1188 675 1285 parietes.
701 1191 744 1257 In
758 1185 872 1283 hujus
888 1202 1020 1259 tamen
1037 1189 1173 1261 visceri·

176 1304 248 1378 bus
266 1305 361 1375 nihil
376 1303 542 1377 morbidi
558 1303 755 1393 adnotavi,
772 1305 845 1375 nisi
867 1305 906 1374 in
923 1288 1080 1402 hepatis
1093 1305 1174 1378 vesi·
1204 1362 1211 1375 .

179 1424 263 1496 cula
279 1448 361 1519 quae
380 1448 489 1519 aequo
513 1423 707 1519 aliquanto
725 1421 866 1516 major,
893 1445 983 1493 cum
1005 1421 1088 1497 hile
1109 1448 1180 1505 non¹
1219 1436 1221 1453 '

179 1544 251 1613 atri
274 1539 428 1627 coloris,
444 1538 630 1612 sexdecim
648 1539 812 1611 calculos
831 1537 999 1612 habebat
1028 1542 1093 1612 vix
1114 1540 1176 1613 dis·
1219 1538 1221 1545 ’

178 1659 261 1758 pari
281 1659 379 1728 inter
398 1682 436 1728 se
461 1656 742 1755 magnitudine,
762 1681 898 1754 parvos
922 1657 1087 1753 quidem
1111 1683 1176 1731 om·

181 1799 268 1863 nes,
283 1799 354 1846 nec
368 1789 494 1845 tamen
510 1775 704 1863 minimos,
726 1772 925 1871 superficie
941 1790 1075 1847 autem
1087 1774 1177 1863 flava,

183 1906 220 1962 ct
237 1917 282 1962 ex
301 1890 474 1989 pluribus
489 1889 652 1963 faciebus
673 1891 795 1989 planis
809 1887 993 1963 confecta.
1013 1895 1178 1984 Quorum

183 2033 304 2079 unum
316 2062 325 2095 ,
340 2009 391 2079 ita
408 2023 450 2080 ut
464 2025 561 2097 erat,
574 2008 774 2080 humidum
789 2033 874 2080 cum
885 2007 1049 2082 flammae
1062 2010 1179 2083 admo·

184 2127 340 2213 vissem,
371 2127 545 2198 comburi
565 2151 645 2198 non
669 2127 748 2198 sine
774 2126 965 2214 scintillis,
987 2149 1033 2198 ac
1058 2127 1180 2226 liquari

184 2243 282 2330 vidi,
300 2243 489 2314 flammam
503 2268 593 2315 vero
611 2243 709 2315 alere
726 2268 806 2314 non
822 2243 909 2314 vidi.
936 2247 1092 2351 Corpus
1110 2244 1184 2349 ‘el'

186 2386 305 2458 quum
331 2386 414 2433 cum
446 2362 646 2460 diligenter
670 2360 803 2433 eodem
836 2376 873 2432 et
900 2361 1183 2459 insequentibus

187 2477 320 2551 diebus
336 2502 637 2576 persecaremus,
660 2493 766 2552 erant
786 2479 886 2550 enim
904 2493 1040 2550 caetera
1055 2481 1184 2554 viscera

186 2594 323 2667 idonea
336 2610 372 2667 et
389 2596 436 2668 ad
449 2595 727 2669 observandum
740 2611 778 2669 et
791 2595 838 2666 ad
853 2596 1184 2687 docendum,mus·

189 2713 340 2809 culique
360 2738 492 2786 omnes
514 2715 662 2811 egregie
685 2711 894 2802 rubebant,
913 2713 1012 2784 nihil
1033 2739 1184 2814 usquam

188 2854 226 2902 se
241 2829 378 2902 obtulit
403 2829 514 2902 nobis
537 2830 641 2927 quod
667 2830 839 2902 adhunc
863 2831 993 2902 locum
1018 2835 1184 2921 attineat,

185 2949 258 3019 nisi
275 2946 370 3020 forte
387 2949 426 3017 in
449 2948 595 3020 cerebri
609 2948 808 3020 medullari
831 2947 1041 3021 substantia
1064 2950 1186 3026 crebra

184 3080 326 3163 puncta
340 3067 564 3164 sanguinea,
583 3081 619 3137 et
637 3091 719 3162 quae
733 3065 873 3138 horum
889 3090 1003 3161 causa
1013 3083 1104 3143 erat
1119 3092 1187 3143 san·

186 3183 310 3291 guinis
324 3183 549 3272 multitudo,
565 3183 661 3255 sicut
676 3209 720 3254 eo
735 3183 904 3255 distentae
920 3208 1019 3256 vena
1033 3201 1185 3285 utraque

187 3324 298 3390 cava,
316 3316 353 3372 et
370 3326 473 3372 venae
492 3298 714 3389 influentes,
731 3303 936 3398 praesertim
948 3327 1108 3402 azyges,
1126 3305 1186 3402 sig·

186 3415 412 3508 nificabant3
445 3418 592 3489 sinister
633 3434 759 3490 autem
798 3419 931 3516 pulmo
962 3434 1070 3495 totus
1108 3422 1186 3493 binc

186 3536 346 3635 pleurae,
373 3535 463 3606 inde
495 3535 717 3609 mediastino
744 3561 933 3625 annexus,
961 3552 1001 3610 et
1029 3538 1186 3637 denique

185 3652 391 3749 thyroidaea
412 3651 587 3749 glandula
605 3655 796 3751 aliquanto
811 3655 972 3727 crassior
992 3680 1110 3755 quam
1128 3678 1185 3755 par

186 3784 305 3841 esset:
324 3792 409 3839 cum
433 3768 540 3867 plura
566 3770 736 3870 alioquin
761 3787 1011 3845 occurrerent
1035 3772 1184 3846 nonin·

186 3884 300 3984 digna
329 3910 411 3984 quae
437 3886 527 3960 alibi
554 3903 827 3963 memorentur.
857 3893 912 3963 Ex
935 3889 1078 3991 quibus
1102 3885 1185 3963 illud
