2580 4514
137 361 208 431 286
303 386 350 431 oe
376 384 522 433 sumnus
546 386 590 433 rr
616 385 741 435 crusis
765 388 975 438 uonuouuu

137 502 359 596 suppuratio
389 498 540 588 accidit,
563 499 688 571 crebri
714 501 812 573 hanc
835 502 1046 578 iudicabant
1067 505 1104 577 fri·
1149 510 1172 583 ἔ

135 616 212 713 gidi
233 619 386 714 rigores.
412 613 536 688 Effusa
561 632 685 688 auteur
713 621 835 693 sanies
864 622 1054 696 ulcuscula
1074 624 1110 697 iti
1152 630 1172 679 τ’

141 734 319 831 reliquit,
336 749 505 805 ventrem
532 736 712 833 implevit.
740 742 857 823 Cum,
888 764 998 813 mora
1024 742 1114 813 acrior

141 849 257 938 facta,
283 853 429 923 tunicas
448 855 632 924 viscerum
647 869 682 923 et
698 856 969 928 intestinorum
994 882 1116 956 pruses-
1160 870 1172 913 :

141 970 208 1039 tim
223 969 399 1057 irritavit3
418 969 588 1039 oninium
604 970 945 1046 inflammationem
963 976 1118 1065 concivit,
1161 962 1172 1005 ²

140 1086 356 1184 horumque
376 1102 556 1184 praeterea
585 1094 733 1159 motum
757 1091 926 1164 invertit
955 1091 1120 1165 Hincvd·

138 1205 256 1277 vulus.
1164 1210 1166 1215 ’

144 1405 148 1411 ,
190 1328 246 1395 Tu
263 1348 349 1395 cum
366 1325 534 1393 virorum
556 1323 847 1395 clarissimorum
866 1324 1123 1425 Mancharti(1)

143 1460 180 1514 et
207 1442 411 1514 Verdriesii
430 1441 489 1538 (α)
511 1440 858 1529 observationibus,
885 1469 968 1516 nun
999 1463 1126 1545 propter

142 1560 338 1641 volvdum
367 1562 434 1657 qui
464 1562 524 1629 vix
552 1561 591 1629 in
613 1584 687 1630 uua
712 1560 872 1632 indicari
892 1562 1064 1649 videtur,
1081 1562 1126 1636 sed

142 1692 300 1775 propter
316 1679 456 1747 ventris
473 1677 624 1748 dolores
642 1676 740 1748 hanc
758 1679 903 1776 poteris
914 1702 1127 1780 comparare,

142 1795 348 1892 praesertim
370 1820 456 1864 cunr
478 1797 517 1864 in
539 1820 666 1867 earum
685 1811 842 1893 utraque
858 1799 1128 1897 mesenteriipr

144 1914 236 1984 riter
254 1911 448 1984 abscessus
463 1910 619 1997 fuerint,
635 1914 674 1981 in
694 1914 809 1983 altera
830 1918 976 2012 aperti,
994 1932 1037 1989 ut
1054 1916 1129 1989 seuit

144 2028 305 2103 refertus
326 2046 422 2103 esset
439 2047 588 2117 venter,
607 2033 646 2100 in
664 2031 778 2101 altera
799 2031 937 2118 clausi,
966 2032 1131 2109 intestinit

145 2165 269 2221 eutem
284 2176 367 2247 quae
381 2149 444 2220 hic
462 2150 537 2219 illic
556 2149 753 2246 sphucefus
772 2146 957 2223 infecerat
974 2155 1074 2226 inter
1090 2172 1131 2237 tt,

145 2282 285 2338 etcum
305 2282 460 2337 omento
475 2281 576 2337 arcte
594 2265 882 2336 cohaerentibus.

194 2383 250 2456 23.
270 2386 336 2455 Vir
352 2385 446 2455 after
462 2384 592 2455 eadem
608 2408 683 2480 qua
698 2387 802 2480 prior
814 2397 921 2457 aetate
939 2384 1133 2484 eodemque

145 2501 297 2592 habitu,
328 2502 455 2572 colore
486 2515 610 2572 autem
631 2500 792 2598 pallido,
816 2525 903 2571 curn
933 2520 1027 2576 unte
1051 2504 1136 2577 bien·

144 2622 251 2690 nium
285 2620 433 2691 ardenti
460 2616 564 2689 febre
593 2631 810 2716 correptus,
836 2618 884 2715 pb
912 2644 959 2690 ea
986 2622 1137 2719 denique

146 2739 226 2810 sine
247 2739 323 2808 ullo
346 2736 513 2809 sensibili
532 2738 635 2807 crisis
652 2736 808 2834 vestigio
829 2750 928 2807 esset
954 2736 1138 2825 liberatus

145 2878 281 2954 magna
315 2853 557 2952 postmodum
591 2854 673 2939 siti,
709 2854 841 2950 ppitis
878 2867 916 2923 et
951 2852 1140 2927 ventrioui'

146 2997 292 3043 summu
315 2972 507 3044 debilitate
535 2986 571 3042 et
591 2973 728 3041 virium
754 2974 937 3070 inriguore
964 2970 1140 3046 afflueba-

146 3104 219 3161 tur.
236 3092 301 3160 His
315 3090 485 3187 quotidie
503 3106 675 3160 vexatum
694 3092 826 3187 ingens
845 3090 1019 3162 interdiu
1032 3088 1140 3164 cordis

146 3210 343 3305 oppressio
360 3208 700 3305 invadebat,quani
718 3223 854 3294 noctu,
870 3208 967 3279 dum
979 3228 1139 3281 soinnuu

146 3348 280 3422 capere
296 3323 427 3413 vellet,
444 3327 608 3396 universi
626 3327 797 3424 corporis
822 3341 970 3397 tremor
998 3328 1140 3425 excipit·

147 3440 222 3512 bat.
252 3440 398 3513 Phthisi
420 3443 501 3514 aliis
518 3443 688 3531 medicis,
711 3443 889 3514 Valsalvae
907 3460 1038 3517 autern
1059 3462 1137 3541 aqut

147 3560 246 3630 intra
264 3562 435 3631 cranium
454 3559 690 3632 redundante
715 3560 885 3634 laborare
908 3563 1135 3645 censebatur,

139 3720 1132 3763 -ῇι--μ--η--η-ὲ--ι--ᾳμμ

183 3844 228 3924 (1)
247 3846 323 3920 Eph.
337 3847 376 3901 N.
390 3846 424 3901 C.
438 3857 514 3902 cent.
531 3865 563 3915 1,
582 3844 645 3900 obs.
664 3851 709 3912 τί..

185 3944 229 4022 (2)
248 3948 316 4001 Act.
329 3942 379 4003 cit.
398 3956 470 4005 tom.
485 3965 516 4018 1,
535 3946 600 4003 obs.
615 3946 663 4017 87.

342 4224 361 4273 t
