2580 4514
168 379 242 427 m.
265 378 321 426 111.
349 378 397 425 nn
423 377 560 425 nonus
578 379 749 446 vaurms,
773 381 885 428 nrrsr.
907 381 1027 430 xxxvr.
1056 358 1127 433 385

126 514 267 590 nempe
282 498 322 561 ia
340 489 454 562 dorso
476 489 580 561 lienis
600 493 751 588 ejusque
766 491 892 591 media
912 498 1127 594 superficie,

127 608 278 707 oblique
306 613 553 693 transversim,
585 607 728 693 albam,
753 609 985 682 tendiaasam
1007 629 1044 683 et
1059 613 1129 685 da·
1231 652 1233 657 ·

124 725 331 796 riuscalam
360 726 604 796 substantiam
637 725 900 798 solertissimus
920 727 1128 826 deprehen·

125 840 181 913 dit
200 842 380 915 Weissius
395 839 469 939 (1),
487 856 551 914 aut
565 840 669 938 quod
683 858 790 914 vetus
805 868 1015 941 anonymus
1027 849 1127 945 apud

127 959 173 1031 cl.
202 960 432 1057 Targionum
460 959 515 1057 (a)
541 959 686 1030 duobus
710 960 818 1048 locis,
852 962 987 1059 quibas
1022 972 1128 1036 costis

125 1075 364 1163 adbaeserat,
387 1090 532 1146 tantam
550 1073 723 1147 duritiem
755 1077 879 1166 lienis,
901 1094 944 1149 ut
969 1105 1015 1150 ea
1036 1107 1130 1179 pars

126 1216 253 1279 ossea,
264 1191 320 1263 ad
325 1198 446 1265 minas
461 1192 705 1289 cartilaginea
714 1246 724 1281 ‚
733 1192 801 1264 sed
808 1192 1008 1266 durissima
1020 1196 1128 1268 vide·

126 1325 231 1381 retur
242 1363 254 1397 ,
278 1310 368 1382 illuc
386 1334 464 1407 quo
485 1308 892 1399 dicebamattinuisse,
917 1313 1066 1404 minus,
1088 1330 1131 1388 ut
1225 1403 1228 1407 Ι

129 1442 248 1527 puta,
266 1425 466 1498 dubitabis.
488 1429 542 1495 Ex
560 1425 622 1495 illa
639 1427 754 1523 igitur
770 1443 875 1525 parte
894 1431 1030 1501 tunicae
1049 1458 1132 1530 quae

130 1567 337 1615 convexam
358 1542 467 1615 lienis
481 1539 612 1614 faciem
632 1545 771 1641 operit,
790 1546 920 1616 vitium
936 1546 1072 1619 deinde
1092 1549 1132 1620 in

128 1661 316 1758 reliquam
336 1661 501 1733 tunicam
520 1662 720 1759 propagari
732 1662 1002 1758 conjiciebam,
1025 1679 1062 1736 et
1079 1667 1133 1739 sic

130 1776 298 1875 denique
315 1778 483 1877 splenem
504 1758 720 1850 universum
739 1778 961 1878 complecti,
998 1807 1132 1879 quem-

129 1893 336 1967 admodum
364 1894 556 1967 Bauhinus
571 1893 625 1993 (3)
644 1897 802 1994 reperit,
824 1912 861 1968 et
887 1900 918 1971 si
946 1914 1047 1971 recte
1075 1902 1131 1972 in·

128 2012 282 2112 telligo,
313 2011 521 2085 Columbus
546 2012 600 2108 (4)
626 2014 787 2110 pariter,
818 2014 920 2112 iique
955 2032 1132 2114 praeterea

131 2130 198 2229 qui
217 2128 296 2222 hic,
320 2130 359 2200 in
377 2128 610 2229 Sepulchreti
633 2129 893 2203 observatione
910 2135 1015 2221 XVI,
1033 2133 1132 2204 indi·

131 2263 279 2321 cantur.
299 2250 391 2318 Tum
406 2272 496 2320 vero
511 2249 627 2346 magis
644 2249 836 2348 magisque
856 2266 1133 2323 excrescentem

134 2365 307 2464 undique
325 2367 531 2439 introrsum
553 2387 598 2438 ex
622 2365 748 2436 tunica
776 2364 908 2437 duram
935 2368 1036 2439 illam
1055 2394 1133 2439 ma·

134 2485 293 2573 teriam,
308 2498 424 2555 totam
440 2483 593 2555 visceris
611 2480 855 2555 substantiam
869 2487 1135 2582 comprimere,
1218 2484 1228 2501 ‘

135 2595 281 2685 delere,
298 2594 456 2694 ejusque
475 2595 600 2666 locum
622 2619 819 2692 occupare.
838 2596 949 2684 Quod
965 2610 1007 2666 ut
1019 2598 1135 2667 inter·

134 2713 247 2801 dum,
269 2713 379 2785 sicuti
397 2710 590 2800 dicebam,
608 2710 763 2784 fortasse
782 2713 944 2802 accidat,
964 2709 1135 2811 profecto

134 2834 176 2903 in
190 2830 383 2929 descripto
398 2854 419 2901 a
436 2854 495 2901 me
511 2826 569 2928 (5)
580 2829 711 2927 splene
723 2855 802 2901 non
815 2831 966 2917 accidit,
983 2831 1136 2927 quando

135 2950 221 3048 ejus
251 2948 386 3020 tunicae
414 2945 599 3046 quidquid
627 2961 814 3045 superest;
845 2971 979 3046 magna
1013 2963 1138 3020 autem

136 3090 229 3167 pars
247 3080 416 3163 superest
436 3092 443 3134 :
466 3089 545 3135 non
568 3063 685 3135 modo
703 3088 850 3136 osseum
868 3058 932 3137 aut
952 3064 1140 3165 lapideum

134 3197 312 3271 nonest,
330 3180 396 3257 sed
414 3180 601 3278 ejusmodi
627 3183 737 3253 etiam
759 3205 864 3253 nunc
886 3198 962 3272 est,
982 3198 1023 3255 ut
1042 3197 1142 3255 exte·

242 3517 281 3572 Et
293 3533 341 3572 an.
360 3519 452 3587 1740,
466 3509 554 3572 hebd.
572 3512 619 3571 35.

242 3614 340 3672 Prima
350 3616 484 3672 raccolta
497 3614 528 3670 di
540 3631 689 3670 osservaz.
704 3612 782 3671 med.
