2580 4514
217 115 290 161 Lm.
311 114 365 160 111.
386 112 432 159 uu
451 104 586 160 nonnis
603 108 772 176 vaurms,
792 112 903 160 urrsr.
922 113 1072 160 xxxvnr.
1103 88 1167 186 57¹

160 231 249 327 gito
259 229 378 327 pressi
395 226 511 327 pedes
521 227 788 314 ostendebant,
806 228 953 299 nullum
967 230 1171 327 pressiouis

162 348 368 446 Vestigium
390 362 587 447 servantes.
608 350 749 418 Venter
770 370 925 445 quoque
947 348 1114 420 tumidus
1133 363 1170 419 et

162 463 432 553 tatdetensus,
457 484 543 536 cum
563 464 789 563 aperiretur-3
806 488 884 536 non
905 480 1002 564 aqua
1025 465 1089 538 sed
1114 467 1172 536 in-

113 594 127 641 'e
165 585 306 655 teatina
321 590 359 654 et
373 582 603 654 ventriculus
631 604 810 681 erupere,
834 584 928 655 nihil
950 585 1021 654 nisi
1044 604 1168 660 aerem

113 716 121 763 Γ
165 700 422 787 eontinentur,
444 710 522 798 quo
542 712 662 797 usq-ue
679 694 772 771 adeo
786 699 1117 788 distendebantur,
1130 714 1172 770 ut

113 840 129 883 s
166 817 403 890 Ventriculus
419 817 504 915 plus
527 840 642 915 quarn
667 817 865 889 dimidium
892 842 1008 888 caveae
1030 817 1171 887 ventris

113 960 127 1005 ι
165 935 355 1034 impleret.
381 939 426 1005 ln
445 936 543 1007 banc
563 952 688 1020 tamen
712 961 861 1008 caveam
884 933 1000 1007 effusa
1019 937 1171 1006 inventa

113 1080 120 1123 t
168 1064 226 1126 est
239 1053 336 1125 libra
355 1066 430 1124 un'a
450 1066 514 1126 aut
529 1054 643 1133 altera
665 1053 812 1152 limpidi
831 1056 927 1126 seri:
949 1052 1052 1151 quod
1074 1053 1171 1148 ignis

113 1200 124 1245 ε·
167 1174 203 1243 ti
220 1174 385 1270 ptlmum
397 1171 551 1270 quidem
566 1172 696 1244 leviter
710 1196 953 1244 concrescere
966 1174 1087 1244 visum
1100 1183 1171 1259 est;

113 1319 124 1365 r
165 1288 236 1363 sed
260 1302 391 1388 postea
415 1290 532 1361 ferme
556 1292 673 1362 instar
695 1314 800 1389 aquae
826 1290 1026 1388 pericardii
1048 1304 1170 1360 totum

113 1440 123 1485 s
166 1409 208 1479 iu
232 1420 340 1480 auras
358 1406 465 1493 abiit,
490 1409 562 1480 nisi
587 1408 691 1505 quod
712 1410 751 1479 in
777 1405 896 1480 fundo
920 1409 1016 1480 vasis
1038 1407 1171 1478 flavam

113 1560 122 1601 r
168 1527 279 1622 quasi
304 1525 703 1624 pelliculamreliquit.
728 1531 772 1598 In
797 1526 951 1599 thorace
972 1526 1172 1624 pulmones

113 1676 123 1717 t
167 1645 310 1740 teperti
342 1642 499 1715 suntad
526 1643 694 1740 pleuram
726 1648 861 1717 annexi
890 1671 959 1744 per
989 1644 1169 1742 quasdam

168 1763 277 1858 quasi
296 1761 548 1849 membranas,
571 1759 821 1858 gelatinosum
846 1788 984 1863 corpus
1010 1761 1171 1834 releren-

113 1912 123 1957 ς
166 1892 246 1966 tea,
279 1903 362 1975 quae
386 1892 442 1950 tot
470 1894 591 1965 erant,
615 1894 656 1948 ut
680 1894 876 1976 appareret
901 1881 1026 1950 minus
1055 1878 1171 1949 libere

168 2018 211 2067 se
245 1995 400 2067 dilatare
423 1998 588 2094 potuisse
612 1976 821 2094 pulmones.
844 2002 932 2085 Eas,
950 1998 979 2069 si
1011 2018 1172 2081 secares,

113 2156 120 2195 2
167 2112 382 2213 pellucidus
413 2115 553 2185 humor
584 2113 770 2212 prodibat.
806 2118 880 2186 Cor
907 2114 953 2185 ad
978 2113 1168 2185 dexteram

165 2244 256 2303 turn
269 2233 479 2329 pericardio
493 2233 792 2305 connectebatur
806 2257 873 2330 per
884 2229 998 2302 fibras
1007 2231 1171 2301 nonnul-

164 2348 222 2421 las
243 2328 523 2422 membraneus:
544 2353 624 2447 ejus
641 2351 859 2422 ventriculis
884 2351 1033 2447 sanguis
1052 2350 1172 2418 inerat

161 2465 324 2557 fluidus3
347 2468 412 2540 sed
435 2472 621 2540 tamenin
650 2469 803 2541 dextero
825 2469 952 2540 tenuis
983 2468 1172 2564 polyposae

163 2587 422 2659 concretionis
447 2586 757 2659 inchoamentum
780 2604 834 2659 est
856 2584 1169 2657 animadversum.

187 2710 190 2715 '
214 2702 338 2802 Caput
352 2718 477 2777 se'care
495 2730 573 2775 non
590 2704 706 2777 licuit.

217 2824 274 2898 23.
291 2827 410 2898 Multa
424 2842 537 2924 atque
549 2826 703 2899 humida
714 2827 867 2912 scabies,
877 2850 959 2922 quae
970 2824 1168 2895 mulierem

161 2954 185 3017 'a
213 2942 401 3017 diuturnis
430 2962 578 3017 artuum
605 2944 803 3016 ¹doloribus
834 2944 1075 3029 liberaverat,
1103 2943 1172 3011 im-

161 3070 331 3161 portune
343 3062 576 3161 retropulsa‚
591 3076 751 3134 mortem
765 3062 897 3133 attulit.
911 3061 1056 3132 Scilicet
1069 3084 1171 3132 acres

160 3181 359 3279 particulae
391 3206 473 3279 quae
495 3196 645 3252 artuum
669 3179 907 3251 membranas
933 3195 1041 3250 antea
1066 3202 1171 3249 com-

162 3308 336 3396 'pu'ngere
372 3298 564 3385 solebant,
596 3299 672 3395 jam
702 3322 771 3396 per
796 3296 990 3368 ulcuscula
1018 3297 1058 3365 in
1085 3309 1170 3401 cute

162 3415 373 3514 producta,
390 3416 589 3488 salubriter
606 3416 863 3513 ejiciebantur.
882 3415 947 3485 His
968 3427 1093 3483 autem
1114 3411 1169 3482 ul·

164 3533 327 3605 cusculis
338 3535 482 3606 siccatis
495 3590 505 3621 ,
520 3537 558 3605 in
573 3536 754 3634 sanguine
769 3535 979 3605 restitantes
989 3531 1169 3602 internas·

163 3675 239 3747 que
258 3667 382 3748 partes
409 3652 615 3741 irritantes,
631 3667 672 3725 et
692 3660 839 3724 acutam
860 3647 995 3722 febrim
1019 3662 1056 3720 et
1073 3648 1169 3719 mala·
