2580 4514
134 387 178 468 [μ
301 400 347 446 or
374 400 521 447 serimus
545 398 590 446 rr
615 399 739 446 crosis
764 400 973 448 nonnonon

135 516 182 587 de
204 540 281 612 quo
301 515 390 586 alias
410 514 465 612 (ι)
481 514 659 602 scribam,
678 538 757 584 non
781 538 887 584 secus
909 528 1021 610 atque
1041 540 1143 587 oeso-

134 634 324 732 phagum,
343 636 410 730 qui
427 633 570 705 adeam
600 630 727 704 sedem
746 633 867 704 multo
881 632 991 703 latior
1009 648 1089 704 erat
1106 649 1143 705 et

134 751 408 840 rubicundior,
427 752 698 849 amplissimum
723 753 762 822 in
785 744 1023 822 latitudinem
1050 776 1143 849 prae·

136 873 265 943 sertim
297 868 398 942 offen
414 873 552 959 erim;
581 894 677 968 aegre
701 870 799 956 tuli·‚
820 869 867 941 de
892 884 1030 941 neutro
1060 868 1144 941 fieri

135 1015 197 1061 me
221 991 386 1087 potuisse
412 991 635 1077 certiorem,
663 986 867 1085 numquid
889 987 943 1060 ibi
964 987 1144 1058 molestiae

136 1124 200 1180 aut
214 1105 443 1179 difficultatis
458 1110 499 1177 in
517 1106 762 1204 deglutiendo
779 1107 1043 1204 percepissent.

190 1252 242 1322 17.
273 1229 409 1297 Praeter
441 1250 484 1296 ea
510 1248 593 1322 quae
629 1224 859 1310 dictasunt,
897 1222 1146 1295 animadverti

135 1346 244 1416 aliam
261 1370 339 1416 esse
357 1360 504 1441 partem
526 1348 608 1440 quic
628 1345 753 1442 gillam
767 1344 905 1441 possit,
923 1339 1145 1415 ct·infimam

135 1463 310 1560 quidem,
336 1463 601 1558 comprimere.
631 1464 681 1532 Ea
700 1462 810 1557 jecur
833 1474 899 1532 est.
926 1462 1022 1531 Cum
1044 1461 1146 1530 enim

134 1581 174 1650 in
190 1579 401 1677 posteriore
422 1579 538 1674 hujus
557 1570 936 1676 margine'excavatio
954 1580 1056 1666 sit,a
1077 1577 1144 1648 cel.

135 1697 357 1767 Winslowio
377 1696 435 1790 (2)
454 1712 768 1784 commemorata,
791 1722 874 1793 quae
901 1696 1030 1766 locum
1048 1693 1147 1766 cedit

134 1830 216 1886 tum
237 1816 368 1913 spinae,
389 1830 469 1886 tum
490 1827 657 1886 extremo
680 1814 885 1912 oesophago
902 1816 978 1910 jam
996 1814 1036 1882 in
1056 1837 1148 1882 ven-

134 1933 316 2004 triculum
333 1958 371 2005 se
386 1933 620 2031 explicatum
631 1950 643 2022 ς·
654 1931 761 2004 facile
775 1944 900 2030 potest
919 1931 1098 2028 intelligi,
1118 1931 1148 2001 si

135 2050 255 2150 hepar
280 2051 328 2124 ad
355 2077 437 2123 eam
462 2053 700 2150 potissimum
723 2051 852 2124 §edem
880 2048 1147 2149 praetumidum

134 2167 200 2242 fiat
238 2194 280 2241 ac
312 2169 470 2259 durum,
504 2173 618 2268 spinae
652 2171 864 2269 opprimere
900 2167 1149 2265 oesophagum

135 2312 257 2386 posse.
281 2293 326 2359 Et
349 2289 463 2361 video
492 2290 648 2386 quidem
673 2292 713 2358 in
739 2289 906 2360 sectione
928 2286 999 2356 hac
1017 2284 1148 2382 Sepul-

137 2406 259 2478 chreti
278 2406 338 2500 (3)
352 2408 452 2478 inter
471 2431 602 2479 causas
619 2408 709 2479 laesae
729 2406 988 2504 deglutitionis
1008 2428 1150 2475 memo·

136 2525 213 2628 rari
226 2525 351 2621 jecur,
369 2525 435 2597 sed
457 2551 536 2596 non
553 2524 625 2597 hac
645 2527 792 2596 ratione
810 2521 982 2595 officiens
1000 2549 1008 2591 :
1029 2542 1150 2619 quan·

137 2666 253 2740 quam
267 2642 314 2713 ad
326 2641 426 2715 hanc
436 2630 633 2741 aliquanto
642 2645 801 2742 propius
809 2641 991 2713 accedere
1001 2639 1151 2711 videtur

136 2760 354 2855 Ballonius(
350 2766 372 2848 li
367 2762 399 2855 )
409 2766 506 2832 Vera
515 2762 685 2859 quidem,
698 2760 810 2832 sedin
825 2759 1062 2858 parte510nge
1080 2757 1151 2827 alia

139 2877 235 2947 ratio
248 2893 321 2966 est,
337 2903 413 2975 qua
426 2880 471 2950 cl.
488 2864 683 2955 Fautonu's
705 2877 763 2974 (5)
780 2877 908 2965 docet,
924 2902 992 2947 cur
1006 2875 1152 2973 ingenti

139 2993 288 3092 hepatis
310 2997 428 3084 mole,
453 3013 490 3068 et
513 2997 683 3095 pondere
702 2997 914 3068 ventriculo
937 2977 977 3064 in
999 2994 1152 3066 umbili-

97 3148 99 3153 ·
139 3111 258 3183 celem
279 3114 474 3210 regionem
499 3114 674 3203 detruso,
692 3114 849 3211 ejusque
870 3110 1015 3184 orificio
1039 3135 1151 3208 supe-

116 3232 240 3316 riore
268 3255 513 3329 compresso,
540 3233 717 3308 alimenta
742 3229 920 3319 difficile,
944 3230 1151 3330 praesertim

198 3566 226 3643 1)
246 3569 341 3642 Epist.
361 3572 408 3642 37,
424 3590 454 3624 n.
469 3571 516 3625 30.

196 3668 226 3744 2)
249 3670 357 3743 Expos
373 3682 453 3725 anat.
467 3680 504 3724 tr.
520 3669 562 3724 du
573 3671 638 3725 bas
638 3681 754 3741 ventre
768 3690 797 3725 n
811 3668 877 3745 259.

196 3768 226 3845 3)
247 3771 319 3825 Ohs.
337 3770 424 3840 26‚§

197 3868 227 3944 4)
248 3871 282 3924 In
295 3866 387 3924 schol
403 3870 441 3924 ad
453 3868 518 3924 ohs
534 3868 581 3924 25
868 3875 879 3921 t

198 3988 227 4023 o
248 3970 285 4024 In
296 3969 388 4026 schol
405 3969 443 4024 ad
454 3968 548 4026 Patris
560 3970 625 4026 obs
639 3981 717 4026 anat.
729 3968 805 4028 med.
820 3975 868 4034 24.
927 4026 929 4032 ,

182 3565 193 3701 t

180 3706 193 3844 ἒ

183 3867 194 3942 t

183 3966 225 4044 t
