2580 4514
239 379 308 452 586
360 371 363 380 ’
400 403 446 450 nn
473 399 620 449 sumnus
645 402 688 447 nr
713 399 1080 451 cans1snonnonnn

236 534 349 614 teque
367 516 515 612 scripsit
534 515 578 590 cl.
594 514 865 612 Zevianus(1),
880 516 953 613 qui
969 517 1022 604 si,
1041 529 1085 587 ut
1099 538 1166 611 pm
1177 541 1230 589 suo

237 659 325 731 erga
335 658 395 705 me
408 633 587 730 singulari
598 657 727 708 amore
738 634 876 731 scripta
888 633 955 706 illa
966 634 1009 708 iu
1023 658 1113 705 meo
1123 688 1133 723 ,
1144 634 1231 732 quale

236 751 441 848 ideumque
461 767 535 839 est,
551 754 705 823 nomine
724 776 910 849 apparere
926 751 1082 840 voluit,
1101 754 1153 829 sic
1170 766 1233 827 auto

239 880 353 967 qua'm
372 869 469 943 hauc
486 869 534 943 ad
553 882 589 942 te
611 870 805 968 epistolam
826 869 984 959 darem,
1011 871 1166 946 mittere
1187 894 1235 970 pu-

237 989 385 1075 tuisset;
404 988 587 1060 nonnulla
611 1013 693 1085 quae
719 1012 780 1059 me
797 983 1008 1085 fugerunt,
1037 989 1083 1061 in
1103 987 1175 1061 bac
1189 987 1236 1061 ui·
1258 991 1263 1014 '

238 1107 339 1181 nime
348 1092 591 1177 desiderares.
608 1104 718 1202 Apud
731 1104 837 1176 illum
848 1104 970 1200 igitur
984 1105 1171 1205 reperies.
1183 1109 1237 1201 ligo

239 1223 338 1292 enim
357 1221 444 1293 illuc
458 1222 535 1316 jam
554 1238 720 1310 transeo,
738 1234 781 1293 ut
796 1220 844 1293 ad
858 1221 1006 1295 multas
1020 1247 1121 1320 quas
1136 1222 1239 1297 tibias

240 1339 408 1415 Valsalva
428 1339 629 1437 descripsi,
653 1339 833 1439 hydropis
859 1337 1163 1413 observationes
1184 1362 1240 1411 nou

239 1458 394 1544 multas,
408 1481 455 1529 ne
466 1457 523 1529 hau
537 1458 695 1532 nimium
705 1467 923 1530 excrescant
933 1458 1098 1548 litterae,
1113 1485 1159 1532 ex
1172 1456 1239 1532 ntis

237 1591 408 1649 attexam.

292 1694 348 1767 26.
375 1693 442 1764 Vir
470 1692 622 1789 quidam
653 1717 737 1764 cum
770 1693 910 1780 ascite,
934 1705 1029 1767 tum
1058 1694 1240 1796 prasertim

242 1835 419 1885 anasarca
451 1811 595 1907 ingenti
628 1810 841 1897 laborabat,
869 1834 956 1907 quae
985 1836 1036 1884 eo
1066 1810 1240 1885 videbatur

243 1929 579 2026 ntajorquodcum
596 1930 815 2001 emaciatam
840 1925 979 2000 faciem
1012 1944 1052 2001 et
1077 1931 1241 2028 reliquum

243 2062 355 2144 eaput
389 2071 468 2118 non
497 2062 720 2145 occuparet,
750 2045 922 2118 membra
948 2062 1097 2120 caetera
1125 2050 1157 2121 si
1180 2066 1240 2119 mu

243 2164 318 2238 hoc
348 2161 628 2252 conferrentur,
657 2179 693 2235 et
718 2166 904 2263 principue
938 2162 1158 2255 inferiora,
1184 2158 1240 2262 spe'·

246 2284 340 2354 ciem
360 2284 684 2357 monstrosissima
704 2281 964 2355 crassitudinis
998 2307 1085 2382 prae
1109 2308 1149 2356 se
1173 2281 1241 2354 fere·

244 2398 346 2473 bant.
362 2405 554 2472 Mortuum
569 2426 669 2472 anno
681 2401 731 2488 ,si
744 2415 843 2471 recte
854 2399 930 2470 hoc
944 2403 1149 2490 memimi,
1164 2399 1241 2498 spol,

244 2519 284 2589 iu
300 2521 529 2590 Bononiensi
548 2518 812 2590 incurabilium
832 2520 1069 2589 nosocomio
1085 2515 1241 2598 disserui,

247 2637 365 2733 magis
380 2652 420 2707 ut
435 2661 636 2724 anasarcae,
651 2659 767 2733 quam
782 2648 825 2704 ut
854 2635 981 2705 ascitis
1011 2651 1190 2709 naturam
1201 2634 1241 2702 iu-

248 2754 449 2849 quirerem.
465 2755 648 2850 Inquisivi
664 2768 811 2839 autem,
835 2774 925 2820 nam
944 2775 1067 2824 crura
1088 2754 1169 2850 jam
1183 2772 1241 2823 con

224 2872 374 2967 'rumpi
402 2871 653 2969 incipiebant,
686 2872 725 2940 in
747 2868 959 2942 femoribus
986 2872 1100 2942 etin
1132 2883 1241 2943 scroto·

249 2995 449 3061 Femorum
479 2991 642 3062 cuticula
666 2989 729 3061 bic
752 2989 828 3060 illic
848 3013 871 3059 a
896 2986 1078 3084 subjecta
1104 3004 1199 3087 aqua
1215 2987 1242 3054 in

138 3115 141 3118 ’
243 3107 391 3190 Ινεείεειε
412 3107 672 3194 attollebatur,
699 3131 861 3205 quarum
891 3106 1026 3203 aliqua
1049 3123 1136 3179 erat
1152 3099 1242 3205 pugni

251 3224 520 3319 magnitudine.
540 3226 682 3296 Adacto
709 3249 828 3322 usque
849 3222 896 3294 ad
929 3246 978 3294 os
1006 3225 1164 3313 cultro,
1182 3241 1242 3294 cum

252 3340 439 3417 sectiones
473 3343 732 3440 inspicerem,
762 3341 960 3438 adiposam
1002 3343 1243 3417 membranttll

253 3460 474 3530 crassiorem
488 3457 641 3550 factam,
661 3462 742 3556 ejus
754 3473 878 3531 autem
898 3458 1184 3559 Malpighianas
1198 3451 1243 3528 cel

142 3561 144 3569 i
250 3573 344 3653 lulas
374 3601 517 3672 aquosa
546 3578 778 3676 pinguedine
814 3573 976 3650 refertas
1012 3571 1243 3677 deprehendi,

291 3949 332 4030 (ι)
354 3954 410 4010 Del
426 3956 525 4025 Flato,
539 3966 593 4012 etc.
604 3958 650 4027 „t
666 3974 694 4028 a,
706 3955 732 4012 n'.
749 3955 806 4027 28,
822 3965 852 4012 et
866 3956 888 4015 l.
907 3972 939 4030 1,
952 3976 979 4014 c.
994 3975 1048 4030 27,
1063 3959 1115 4019 28.
