2580 4514
136 370 203 442 190
290 370 342 414 un
368 352 513 415 s'nnmus
538 367 582 411 er
607 363 731 413 crusis
755 364 968 416 nonnosum

134 508 218 555 cum
236 482 272 551 in
285 480 455 553 Sichardi
469 479 770 576 pharmacopolae
787 480 913 578 puelia
934 482 1107 554 sectionem
1150 482 1183 534 Μ

136 599 290 698 quidem
313 622 511 696 aggressus
528 613 582 668 est
600 597 821 695 chirurgus,
846 597 911 670 sed
933 606 1111 671 memmio
1176 696 1180 703 Ι

135 722 308 788 testinum
322 722 471 786 minime
489 715 657 785 invenit?
673 729 715 784 ut
732 738 856 810 neque
873 715 938 787 ille
963 714 1055 788 atter
1070 718 1115 814 qni
1169 780 1173 790 .

138 831 341 932 perforavit
361 831 418 902 ad
434 829 699 926 longitudinem
705 832 793 921 fere
810 836 958 900 minimi
980 832 1081 929 digiti
1092 833 1117 901 in

78 1033 82 1040 ,
139 975 219 1021 ιιιιο
232 951 404 1020 videlieet
420 949 466 1018 de
479 947 629 1018 duobus
643 946 850 1020 infantibus
863 972 962 1046 quos
978 964 1120 1021 carentes

124 1076 222 1139 ¹toto
242 1067 305 1138 illo
327 1066 507 1138 intestino
524 1064 617 1134 vidit
635 1065 845 1160 Ruyschius
864 1066 934 1162 (ι).
956 1069 1036 1139 Nec
1057 1088 1122 1138 rere

140 1183 362 1281 hujusmodi
385 1183 555 1280 exempla
578 1206 690 1279 quam
713 1185 902 1254 rarissima
929 1200 1041 1274 sunt,
1062 1206 1125 1256 con

143 1304 255 1374 etiam
284 1302 351 1373 cei.
377 1302 435 1369 vir
460 1301 650 1371 Heisterus
670 1299 724 1395 (ι)
743 1302 859 1372 semel
880 1316 998 1399 atque
1014 1306 1128 1376 iterim

144 1420 216 1492 sibi
234 1423 310 1489 visa
325 1415 629 1504 confirmaverit,
652 1442 848 1516 unumque
860 1419 918 1516 (3)
935 1421 1053 1517 piane
1071 1422 1130 1493 des

144 1538 318 1634 cripserit
341 1563 348 1604 :
370 1559 440 1606 uec
468 1535 571 1605 deest
598 1552 775 1631 practerea
797 1536 903 1632 quod
927 1537 1021 1609 alibi
1040 1539 1133 1638 iegu,

147 1656 320 1752 quamvis
347 1652 470 1725 obiter
494 1678 514 1723 a
543 1654 587 1723 ci.
623 1658 773 1749 Hoyero
803 1654 857 1748 (4)
888 1672 1132 1729 memoratum.

147 1773 248 1862 Quin
272 1769 475 1867 aliquando
499 1769 595 1840 iilud
623 1795 777 1867 quoque
802 1771 938 1843 accidit
961 1776 1068 1871 quod
1091 1772 1136 1845 de·

148 1891 273 1987 cipere
303 1886 447 1959 facilius
473 1890 610 1984 possit,
639 1912 777 1985 nempe
795 1904 836 1959 ut
860 1893 957 1961 recti
990 1891 1138 1965 intestini

147 2031 237 2106 pars
256 2005 383 2077 infima
408 2030 486 2076 non
512 2006 626 2090 desit,
653 2030 735 2102 quae
756 2007 924 2079 immisso
946 2028 1019 2105 per
1045 2028 1138 2081 enum

151 2125 268 2223 digito
286 2124 332 2195 ad
354 2129 515 2221 spatium
544 2123 727 2220 perbreve
750 2126 837 2195 satis
865 2138 1023 2222 patens,
1056 2146 1139 2226 spen

142 2242 260 2315 'faciat
278 2240 392 2312 feiicis
410 2241 624 2326 incisionis,
642 2242 750 2337 quasi
769 2242 865 2313 nihil
877 2243 950 2315 uisi
965 2245 1142 2342 interjecti

149 2360 275 2456 aliqua
290 2359 507 2430 membrana
524 2360 908 2430 communicationem
933 2361 1143 2434 interclude

150 2493 211 2551 ret
231 2503 319 2550 cum
335 2479 529 2575 superiore
547 2478 715 2547 intestini
731 2492 861 2574 parte,
874 2491 910 2549 et
931 2493 1062 2552 tamen
1080 2496 1145 2578 pets

149 2595 233 2667 haec
254 2597 398 2692 reliqua
412 2618 600 2690 nusquam
614 2595 679 2683 sit,
695 2594 760 2666 sed
781 2611 927 2666 rectum
943 2594 1147 2670 aiterumsit

36 2710 52 2729 ⁸
155 2715 376 2787 intestinum
408 2712 514 2809 quod
542 2712 695 2784 i'arcihus
723 2714 905 2811 pienum,
935 2711 1147 2814 longiussd

154 2858 229 2905 ano
248 2831 297 2903 ad
327 2856 514 2903 summum
539 2855 685 2901 sacrum
699 2856 746 2902 os
764 2855 802 2902 se
822 2831 1014 2922 inflectat,
1038 2834 1150 2907 occlu-

108 2978 111 2983 ·
157 2974 317 3047 sumque
330 2948 384 3020 ibi
401 2963 437 3019 et
450 2946 609 3018 firmiter
623 2973 871 3022 concrescens
887 2949 1062 3041 finiatur,
1075 2974 1151 3051 que·

156 3067 403 3138 madmodum
417 3066 492 3137 aci.
506 3070 615 3137 Petro
605 3067 904 3170 Christophoro
920 3064 1152 3185 Wagnero(5)

158 3200 405 3284 conspectum
424 3199 490 3255 est.
511 3165 698 3281 Equidem
726 3185 949 3284 chirurgum
971 3212 1066 3261 non
1073 3210 1153 3260 sem·

214 3508 226 3544 1
263 3487 388 3543 Advers.
406 3497 484 3541 anat.
499 3488 563 3543 dee.
580 3506 716 3557 n,e.1o.

212 3606 229 3642 ι

230 3488 243 3663 )
262 3588 337 3642 Inst
356 3584 484 3662 chirurg.
502 3607 532 3661 p.
548 3606 582 3657 2,
598 3607 620 3642 s.
636 3587 670 3656 5,
689 3607 714 3643 c.
732 3587 802 3655 163,
820 3562 899 3645 n.1.¹

213 3686 243 3762 3)
264 3684 339 3758 Eph.
354 3687 391 3741 N.
406 3688 439 3742 C.
455 3699 530 3742 cent.
546 3689 562 3744 3
577 3699 606 3742 et
623 3696 657 3757 4,
676 3689 740 3743 obs.
760 3689 826 3762 193.

199 3684 228 3852 (t,
262 3786 402 3842 Earumd.
417 3799 494 3843 cent.
508 3787 544 3855 6,
558 3789 621 3844 obs.
638 3786 685 3862 59.

200 3881 230 3959 (ὅ
264 3886 429 3943 Commerc.
440 3888 533 3944 litter.
549 3907 597 3944 an.
617 3887 707 3959 1735,
723 3883 813 3945 hebd.
830 3887 884 3960 46,
897 3907 928 3944 n.
946 3895 975 3956 4.

195 3487 210 3566 (

198 3586 210 3662 (

198 3782 210 3859 (
