2580 4514
221 396 289 445 nm.
318 397 375 447 111.
403 402 451 448 nn
477 402 612 449 nonnis
637 402 807 469 vaurms,
833 368 945 451 nrrsr.
973 403 1070 451 xxrx.
1106 382 1154 480 69

147 504 258 581 fundi
285 512 486 586 debuisse
502 519 580 612 Ego
600 541 691 586 vero
713 517 781 587 etsi
804 517 928 587 minus
945 518 1152 589 'verisimile

148 629 429 718 existimabam,
449 633 479 702 si
501 631 622 703 cultro
642 632 725 702 laedi
748 630 903 704 fortuito
923 635 1153 708 ventriculus

146 741 360 833 debuisset,
387 748 427 816 in
459 772 500 818 ea
526 751 762 845 potissimum
796 750 882 822 sede
918 751 1043 822 laesum
1073 777 1152 825 esse

147 886 232 956 quae
263 863 390 934 medio
424 865 543 935 ulceri
574 867 838 964 responderet,
867 892 938 938 nec
957 865 1084 940 vforma
1115 884 1152 942 et

146 980 369 1076 magnitudo
396 979 608 1070 foraminis,
630 983 735 1079 quod
763 1007 879 1080 capax
907 999 985 1055 erat
1013 1011 1150 1086 prope·

146 1095 306 1166 modum
332 1099 447 1196 apicis
464 1100 610 1169 minimi
629 1100 752 1198 digiti,
769 1125 819 1170 eae
832 1099 1051 1173 viderentur
1070 1129 1150 1201 quae

147 1210 255 1284 facile
286 1215 334 1286 ad
362 1217 504 1288 cultelli
532 1241 752 1290 mucronem
784 1234 848 1288 aut
877 1219 994 1290 aciem
1020 1220 1151 1292 referri

146 1349 320 1428 posseut;
337 1348 463 1405 tamen
477 1350 519 1405 nt
530 1336 601 1432 ipsi
618 1334 788 1432 mihique
805 1336 917 1406 simul
928 1359 1059 1427 verum
1071 1339 1151 1437 dig·

145 1473 304 1521 noscere
326 1452 566 1549 cupientibus
578 1448 847 1541 satisfacerem,
865 1455 1002 1523 iterum
1016 1477 1059 1525 ac
1073 1469 1149 1526 ter-

145 1567 197 1637 tio
223 1565 418 1642 foraminis
446 1593 531 1640 oras
558 1584 731 1641 accurate
757 1571 913 1668 inspexi.
939 1573 1040 1660 Quas
1062 1596 1148 1643 cum
1232 1554 1235 1561 ¹

147 1685 315 1756 viderem
339 1711 419 1757 non
445 1680 562 1757 modo
589 1687 743 1759 callosas
772 1687 837 1758 sed
861 1688 1090 1786 inaequales,
1112 1704 1149 1762 et

144 1828 222 1900 quo
244 1806 361 1902 magis
378 1820 590 1876 extrorsum
604 1801 776 1877 foramen
795 1805 992 1903 pergebat,
1020 1831 1065 1878 eo
1082 1809 1149 1878 mi·
1206 1820 1209 1831 '

143 1946 276 1992 norem
303 1921 486 1992 ambitum
507 1921 825 2020 complectentes,
844 1947 925 2019 qnae
948 1922 1023 1995 duo
1046 1940 1147 1997 certe

142 2039 188 2110 ab
209 2040 461 2111 exterioribus
483 2041 691 2110 introrsum
717 2040 871 2137 illapsus
892 2039 1013 2113 culter
1037 2043 1148 2113 mini

141 2181 200 2227 me
222 2154 344 2228 facere
359 2160 560 2255 potuisset;
577 2183 657 2229 non
672 2157 762 2229 huic
782 2157 848 2229 sed
868 2157 1010 2254 morbo,
1022 2161 1147 2256 impu·

141 2271 298 2345 tandum
314 2298 392 2346 esse
406 2273 575 2345 foramen
593 2276 734 2347 censui.
752 2278 849 2346 Nam
863 2273 970 2372 quod
982 2274 1079 2350 nihil
1093 2274 1146 2347 ef-

134 2389 267 2465 fusum
283 2407 380 2464 esset
397 2393 436 2461 in
455 2407 645 2479 ventrem,
660 2391 748 2476 inde
760 2390 843 2464 fieri
856 2393 1023 2490 potuisse
1041 2393 1146 2490 qnod

139 2510 322 2607 paulatim
352 2510 507 2606 quidem
531 2511 735 2594 'extenuata
760 2526 856 2582 esset
885 2510 1146 2583 membranula

140 2629 302 2716 extima,
327 2652 397 2698 nec
423 2642 550 2698 tamen
573 2630 734 2726 penitus.
753 2629 826 2698 nisi
853 2642 1020 2698 extremo
1050 2643 1144 2699 tem-

138 2768 231 2842 pore
253 2769 361 2816 erosa
376 2744 529 2816 demum
548 2761 659 2842 atque
674 2760 844 2842 pertusa,
862 2727 949 2816 cum
969 2742 1144 2816 videlicet

138 2862 376 2933 moribundae
406 2862 574 2934 mulieris
607 2862 823 2934 contractus
854 2876 890 2933 et
922 2875 1144 2958 corrugatus

135 2981 369 3053 ventriculus
387 2980 482 3051 nihil
501 2979 657 3066 haberet
674 2978 779 3077 quod
797 2975 1022 3052 effunderet..
1107 3069 1110 3072 ι

191 3098 248 3171 15.
264 3097 385 3168 Incidi
403 3112 534 3196 postea
552 3099 591 3166 in
611 3097 915 3169 observationem
927 3095 1143 3185 Mercklini,

136 3243 249 3321 quam
267 3215 329 3288 hic
349 3241 512 3313 quoque.
528 3217 568 3285 in
592 3215 880 3313 Sepulchretum
908 3213 962 3310 (1)
987 3214 1141 3286 relatam

136 3337 325 3423 invenies3
342 3331 538 3404 foraminis
556 3332 731 3427 nidel1cet
746 3330 850 3430 quod
872 3329 977 3403 facile
996 3330 1142 3427 pollicis

139 3434 348 3526 entremum
363 3451 599 3538 admitteret,
620 3451 659 3520 in
680 3451 826 3521 elatiori
841 3449 983 3548 pariter
998 3449 1141 3518 ventri-

138 3573 211 3643 culi
228 3571 337 3659 sede,
355 3568 401 3640 ad
418 3594 532 3666 quam
549 3594 570 3639 a
588 3567 714 3639 multis
723 3568 800 3662 jam
813 3567 921 3637 annis
936 3565 1139 3667 continuus
