2580 4514
257 364 329 434 620
422 383 468 428 nr
495 380 641 429 saumas
663 379 708 429 rr
733 379 860 426 causis
887 346 1109 433 nonaoanu

257 495 462 594 accipiebat
483 518 587 580 vasa,
607 490 671 565 sed
696 491 880 589 pleraque
903 517 951 565 ea
969 495 1137 580 ratione,
1160 520 1239 590 quau

257 630 300 684 ut
314 611 471 684 firmiter
493 611 674 682 memoria
695 625 828 695 teneo,
852 611 909 681 sic
934 609 1014 682 tibi
1035 610 1241 710 significabo:

258 753 422 826 namque
454 743 495 798 ut
516 752 584 826 per
607 728 686 823 ejus
711 732 840 799 vesicae
864 726 1164 816 membranam,
1185 729 1243 800 alio

260 848 376 944 quin,
402 861 443 917 ut
468 847 566 919 inter
589 845 724 941 digitos
743 846 973 943 arripiendo
1000 847 1245 945 percipiebam,

259 989 339 1034 non
353 965 629 1050 tenuissimam,
647 961 782 1034 licebat
796 966 1048 1063 transpicere
1058 991 1137 1037 non
1147 989 1245 1062 aquen

259 1080 392 1168 modo,
417 1104 530 1177 quam
554 1078 791 1169 continebat,
806 1105 852 1152 ex
874 1079 1078 1155 subviridi
1099 1083 1245 1155 levissime

258 1198 542 1284 flavescentem3
565 1197 631 1271 sed
649 1199 759 1269 etiam
782 1199 975 1295 quoniam
1007 1225 1113 1298 aqua
1128 1200 1185 1272 illa
1198 1212 1247 1270 eut

258 1314 464 1412 pellucida,
484 1313 671 1411 quidquid
689 1314 727 1384 in
747 1315 827 1412 ipsa
843 1315 1060 1388 innatabat
1072 1343 1083 1404 3
1097 1319 1147 1389 ita
1165 1315 1247 1388 erbe

258 1447 344 1527 pate
360 1456 429 1529 per
446 1431 611 1502 medium
633 1432 761 1503 vesica
781 1452 921 1503 cavum
940 1431 1044 1507 ferri
1061 1433 1246 1506 videbantur

260 1547 414 1646 quidam
427 1572 603 1620 vasorum
622 1546 811 1636 trunculi,
829 1550 900 1645 qui
933 1553 1161 1649 oppositam
1183 1573 1246 1623 asse

260 1668 336 1737 cuti
359 1667 487 1738 vesicae
509 1679 674 1763 partem,
696 1689 735 1736 se
762 1664 802 1735 in
826 1664 951 1762 hujus
983 1650 1246 1742 exterioremb

261 1783 354 1871 ciem
369 1781 623 1870 reflecterent,
638 1807 873 1881 pereamque
890 1785 933 1855 in
952 1811 1096 1861 ramos
1107 1785 1245 1859 raudo

262 1899 480 1996 quodnisi,
509 1915 588 1971 rete
612 1901 719 1997 quasi
738 1897 938 1997 quoddam
965 1901 1180 1976 efficerent.
1200 1906 1245 1973 Ve-

260 2041 346 2099 rum
358 2015 483 2087 utboc
500 2032 599 2102 rete,
617 2041 757 2114 eosque
768 2016 1022 2116 sanguiferos
1040 2047 1166 2094 ramos
1180 2033 1244 2093 cern

261 2132 415 2231 quidem
437 2133 730 2231 conspiciebam,
750 2149 786 2205 et
805 2136 1061 2210 tenuissimas
1081 2140 1182 2237 quasi
1191 2137 1245 2234 pir·

262 2249 434 2347 guedinis
462 2250 762 2338 strias‚-.2msdem
789 2252 1006 2349 stipantes,
1043 2258 1097 2328 ita
1123 2255 1245 2326 inclusos

260 2367 345 2439 illos
364 2382 608 2464 natantesque
619 2348 839 2453 leunculos,
858 2394 963 2466 quos
979 2375 1088 2445 striae
1106 2372 1246 2471 ejusden·

260 2483 364 2555 modi
399 2485 569 2556 comitari
597 2485 845 2574 videbantur,
879 2512 976 2560 cum
1013 2486 1246 2562 tantummodo

259 2605 550 2699 transpicerem3
571 2601 707 2675 frustra
725 2603 771 2674 ab
788 2604 976 2702 illis,petii
995 2611 1069 2705 qui
1089 2635 1168 2681 eam
1183 2603 1246 2678 mihi

260 2720 420 2791 vesicam
442 2719 705 2808 ostenderant,
732 2733 775 2791 ut
802 2720 979 2794 incidere
1007 2725 1164 2814 liceret,
1189 2742 1247 2795 cun

260 2835 341 2908 aliis
363 2861 479 2935 porro
499 2822 698 2909 ostendere
728 2861 766 2908 se
796 2837 893 2909 velle
915 2838 1124 2932 dicerent,
1149 2839 1248 2939 quibat

198 2964 201 2969 '
261 2953 373 3050 paulo
390 2969 476 3024 ante
496 2954 651 3052 polliciti
668 2969 800 3026 essent.
818 2953 876 3024 Ab
891 2954 941 3026 iis
959 2983 1063 3032 vero
1082 2976 1147 3032 aut
1162 2957 1250 3029 inclu-

261 3094 322 3140 sos
346 3071 542 3143 trunculos
557 3096 635 3142 non
658 3073 743 3143 satis
765 3070 1088 3167 attendentibus,
1106 3093 1169 3149 aut
1186 3068 1250 3172 quid
1286 3068 1288 3073 ’

261 3210 306 3256 ex
323 3187 385 3256 illa
404 3195 536 3259 eorum
550 3214 617 3287 per
632 3191 761 3260 vesicae
777 3212 910 3259 cavum
928 3193 1179 3268 traductione
1188 3214 1252 3263 con·

264 3320 504 3398 sequeretur,
523 3330 601 3376 non
620 3305 718 3377 bene
739 3305 1166 3400 animadvertentibus,
1185 3301 1254 3380 nibil

263 3420 399 3490 rescire
414 3421 516 3492 aliud
531 3425 637 3520 potui
650 3478 663 3511 ,⁷
677 3424 749 3494 nisi
760 3446 897 3519 aquam
915 3425 1140 3501 subsalsam
1158 3426 1253 3506 fuistb

263 3551 299 3606 et
313 3536 468 3608 minime
482 3538 528 3609 ad
548 3539 672 3636 ignem
690 3541 936 3611 concrevisse.
952 3545 1049 3615 Non
1066 3547 1255 3641 muttopost

261 3653 475 3742 vitulinam,
495 3655 709 3753 hydatidem
737 3657 890 3728 alteram
918 3658 1027 3749 vidi,
1058 3688 1103 3734 ea
1130 3658 1253 3765 quiden

264 3769 469 3859 minorem3
490 3798 615 3869 neque
632 3775 733 3844 enim
753 3797 867 3844 ovum
890 3776 1153 3875 gallinaceum
1171 3797 1254 3872 supe

262 3885 389 3974 rabat;
417 3889 483 3961 sed
507 3914 578 3986 pro
593 3891 821 3977 animalculo
839 3894 890 4004 'in
906 3894 995 3995 q'uo
1021 3890 1253 3998 deprehendi.
