2580 4514
145 386 219 485 irc
314 418 360 466 or
388 414 533 466 scurrus
558 412 602 462 ur
628 407 753 463 crusis
779 409 997 464 nonnonurr

144 554 231 606 cum
251 545 436 628 quantum
452 529 594 627 jugiter
612 524 659 600 ab
681 526 874 602 alimentis
893 530 1056 602 materia
1070 528 1138 601 bilin

78 717 83 725 ,
148 651 188 720 in
205 648 387 748 sanguine
406 661 584 746 augetur,
604 661 751 718 tantum
766 667 867 719 exea
878 668 965 718 non
979 646 1142 736 demam,

146 782 289 839 crescat
306 767 386 865 ipsa
403 766 443 836 in
463 764 544 837 dies
566 758 813 862 abundetque
829 783 991 838 necesse
1008 780 1076 838 esc

197 909 251 957 ιο.
270 888 320 956 Ea
334 899 459 956 autem
479 905 594 982 quarn
614 883 781 956 diximus
801 884 863 954 ria
888 881 1074 982 impediri
1094 900 1142 981 pc·

145 1015 252 1076 testa
273 1002 483 1074 rarioribus
510 1017 573 1073 aut
597 996 927 1100 frequentioribus
954 996 1086 1075 ceusu.
1104 1003 1143 1072 Et

142 1118 350 1192 rarioribus
367 1133 457 1192 sunt
473 1138 555 1217 quae
581 1117 644 1190 hic
674 1119 715 1190 in
743 1116 1002 1217 Sepulchreto
1032 1116 1141 1216 tegno

141 1249 226 1327 tur,
244 1236 457 1312 communis
480 1235 618 1308 ductus
635 1235 683 1306 ad
703 1230 925 1334 capillarem
944 1235 1141 1336 angustia!

142 1353 387 1451 redactus(r)
402 1368 467 1426 aut
487 1354 608 1426 instar
624 1352 776 1426 chordo
797 1351 930 1426 solidae
943 1353 987 1425 in
1006 1372 1050 1426 se
1070 1370 1141 1425 con·

140 1482 283 1544 tractus
300 1470 356 1568 (2)
369 1470 645 1569 induratusque
661 1468 744 1567 (3),4
757 1484 822 1541 aut
845 1469 965 1567 pinne
980 1488 1028 1542 ac
1041 1467 1140 1545 sotice

143 1610 273 1660 osseus
298 1588 373 1685 (4),
401 1602 503 1660 nuta
522 1589 776 1684 circumjectis
792 1585 943 1683 aliquot
970 1583 1140 1687 glenduit

143 1726 381 1802 compressus
405 1704 477 1802 (5)
499 1705 557 1777 Ati
573 1703 851 1802 frequentiores
876 1718 1010 1785 antem
1030 1722 1139 1776 causti

142 1819 1012 1920 primumconvulsionesattinent‚ethincortae
1020 1825 1138 1920 crispa

142 1953 259 2029 turer,
278 1939 326 2012 ad
347 1941 454 2012 initia
474 1965 595 2039 usque
611 1938 919 2012 ramusculorum
931 1936 1137 2013 ductusire·

72 2112 75 2123 .
140 2059 255 2156 patici
270 2072 502 2157 propagatae,
520 2082 662 2158 eosque
690 2072 823 2157 utpote
842 2059 1136 2158 angustinum,

141 2177 442 2276 constringentes
464 2192 578 2275 atquo
608 2175 863 2250 occludentes.
886 2177 1065 2267 Quarum
1088 2170 1137 2245 trie

140 2291 299 2366 effectus
314 2296 383 2367 etsi
410 2309 612 2394 propterea
632 2295 706 2368 snb
731 2314 886 2366 sensum
911 2294 1056 2368 cadere
1072 2310 1137 2365 nott

137 2425 280 2512 potest,
299 2425 424 2484 tamen
448 2405 589 2484 'rationi
612 2427 668 2484 est
688 2411 783 2484 adeo
809 2432 1038 2502 consonus,
1060 2424 1137 2482 tur

137 2529 251 2603 nobis
270 2526 376 2601 facile
393 2530 441 2602 ad
458 2532 595 2603 icterus
613 2530 700 2602 illos
718 2527 969 2628 explicandos
987 2540 1137 2628 ponatur

137 2650 205 2747 qui
219 2663 284 2720 aut
300 2673 322 2720 a
336 2648 623 2722 vehementibus
641 2649 757 2720 animi
781 2643 1014 2735 affectibus,
1040 2660 1101 2720 aut
1120 2662 1136 2715 t

137 2765 337 2840 doloribus
360 2768 545 2866 originem
570 2765 745 2838 habeant.
770 2769 866 2836 Sunt
885 2787 1048 2864 quoquc
1062 2763 1136 2836 doc

137 2883 270 2954 tissimi
290 2883 363 2953 viri
384 2884 450 2980 qui
467 2882 520 2954 sic
535 2904 623 2952 eum·
639 2880 828 2979 explicant
846 2879 1018 2952 icterum
1039 2898 1135 2978 qum

135 2999 272 3098 viperae
306 3022 495 3071 venenum
533 2995 683 3088 fecerit,
716 3021 798 3069 non
834 2993 1134 3070 dissentionum·

137 3115 274 3205 nobis,
297 3117 327 3188 si
345 3115 464 3186 modo
480 3130 571 3188 tunc
589 3115 661 3188 alvi
680 3129 919 3188 recrementa
938 3115 1134 3195 noemin

136 3245 179 3305 ut
192 3233 314 3305 vatins
333 3254 450 3332 quant
470 3258 515 3306 en
534 3234 779 3307 convulsione
806 3247 990 3331 ponunt,
1014 3227 1133 3305 orificii

172 3569 219 3649 (r)
237 3569 310 3627 oto.
327 3579 374 3640 14.

172 3670 216 3748 (r)
237 3671 311 3728 Obs.
330 3689 375 3743 17.

171 3769 221 3849 (3)
236 3771 311 3827 oto.
325 3769 380 3842 αἰ,
392 3773 449 3843 57.

172 3868 217 3947 (4)
237 3871 310 3928 Obs.
327 3870 373 3927 16.

167 3967 211 4050 (s)
232 3971 304 4031 on.
321 3990 366 4029 ιι.
388 4002 391 4007 -
