2580 4514
374 233 378 279 ι

128 352 193 427 nn.
221 353 276 399 111.
304 349 351 399 nn
377 352 513 400 uonms
539 353 709 416 vannus,
733 352 853 402 misn‘
871 353 968 400 xxxi.
1010 327 1075 402 135

130 464 275 559 juvenis
292 464 390 539 illins
412 464 514 562 apud
534 464 742 537 Ballonium
763 463 844 562 (1),
868 467 934 562 qui
958 467 1077 537 nostri

119 579 282 652 lmodum
302 581 412 653 simili
435 605 522 652 casu
541 604 627 652 cum
649 597 734 677 post
753 583 906 652 nimiam
926 607 993 679 per
1009 606 1075 652 na-

119 722 142 769 =s
155 697 462 794 haemorrhagiam
479 752 489 785 ,
508 696 703 793 dejecisset
719 696 960 796 nigricantia3
976 697 1075 770 deci-

120 839 145 884 o
161 817 319 912 septimo
334 815 476 885 interiit
489 812 602 886 febris
619 815 689 905 die.
710 819 842 912 quue
857 815 975 910 major
996 829 1075 886 erat

119 946 215 1018 etus,
234 932 339 1029 quod
369 957 455 1004 cum
479 933 667 1003 Ballonius
686 934 724 1003 in
743 957 810 1005 suo
829 932 1076 1003 nihilominus

119 1049 350 1146 [spicaretum
381 1051 600 1146 sauguinem
622 1051 661 1118 in
686 1050 937 1121 ventriculum
959 1074 979 1120 e
999 1047 1076 1121 lau·

119 1160 184 1236 bus
201 1164 420 1251 defluxisse3
439 1167 478 1235 in
500 1181 630 1237 nostro
654 1167 779 1237 minus
797 1165 835 1235 id
859 1165 1017 1254 licebat,
1034 1181 1077 1237 ut

119 1282 261 1368 ximus,
280 1307 402 1378 eoque
434 1284 558 1353 minus
585 1307 662 1378 quo
691 1285 808 1381 magis
837 1284 964 1353 omnia
994 1307 1076 1380 per-

119 1397 344 1470 mdebamus.
364 1403 457 1470 Cum
471 1400 572 1470 euim
589 1415 734 1471 veteres
751 1398 900 1487 medici,
917 1397 1078 1495 quibus·

119 1538 161 1587 tm
175 1515 262 1588 facit
281 1516 486 1589 Sennertu‘s
498 1516 571 1612 (a),
586 1517 710 1614 nigras
722 1516 951 1612 dejectiones
962 1518 1001 1587 in
1014 1540 1076 1588 eas

119 1634 242 1706 vidant
261 1659 343 1731 quae
371 1650 458 1706 sunt
481 1626 526 1706 ex
545 1635 750 1730 sanguine,
775 1648 810 1704 et
828 1658 913 1730 quae
938 1660 982 1705 ex
1004 1633 1075 1704 hu-

119 1775 178 1823 ore
204 1752 479 1823 melancholico
495 1752 677 1837 naturali,
696 1766 734 1821 et
752 1776 834 1847 quae
851 1746 1004 1822 demum
1030 1775 1075 1821 ex

119 1893 150 1943 ca
170 1868 270 1957 bile;
293 1869 461 1966 duasque
480 1870 619 1965 primas
636 1869 774 1938 minori
802 1891 887 1937 cum
903 1867 1076 1964 periculo

119 2011 148 2057 te
178 1985 367 2074 doceant,
396 1986 547 2057 ultimas
576 2009 668 2057 vero
694 1984 864 2055 omnium
894 1985 1072 2082 pessimas

119 2129 149 2177 m
166 2103 342 2175 videlicet
353 2110 471 2200 nigrae
485 2105 570 2191 siut,
579 2101 813 2200 splendentes
825 2115 940 2198 atque
951 2125 1073 2189 acres,

119 2222 279 2314 :errimae
298 2236 406 2294 erant
421 2236 522 2292 certe
541 2244 633 2317 quas
661 2244 731 2291 nos
746 2218 985 2304 videbamus,
1005 2243 1071 2289 eae·

119 2363 232 2436 nque
262 2337 464 2435 splendidae
489 2351 620 2433 atque,
645 2351 686 2407 ut
703 2360 799 2434 aeger
816 2335 1070 2432 querebatur,

119 2480 179 2533 tm
196 2479 312 2527 acres.
332 2460 508 2526 Insecuta
528 2470 639 2524 nocte
657 2453 786 2527 eadem
813 2453 970 2550 egessit,
999 2453 1071 2523 nisi

119 2571 171 2645 nd
188 2570 303 2641 fluida
321 2587 428 2643 erant
445 2571 560 2669 paulo
576 2570 709 2641 minus.
730 2574 862 2641 Postea
879 2593 971 2639 vero
990 2593 1070 2638 non

119 2689 232 2789 plius
248 2688 333 2758 talia
348 2716 355 2758 :
379 2688 443 2760 sed
457 2689 512 2758 lac
528 2687 633 2785 quod
646 2685 871 2783 clysteribus
884 2685 1071 2781 injicieba-

128 2860 143 2897 ,
176 2807 343 2902 primum
378 2805 533 2903 quidem
562 2805 688 2876 colore
718 2805 864 2903 tabucci
887 2799 1069 2873 infectum

119 2921 251 3008 didit,
276 2923 457 3020 proximis
477 2938 603 2994 autem
627 2919 760 2992 diebus
780 2944 826 2990 ex
847 2917 955 2991 lusco
980 2918 1072 2991 sub-

119 3062 204 3109 ium
220 3065 228 3106 :
247 3037 343 3111 nihil
361 3052 488 3109 autem
511 3037 616 3135 quod
631 3062 709 3108 non
730 3037 948 3134 gravissimo
974 3053 1071 3108 esset

119 3181 196 3229 are.
222 3161 363 3226 Verum
390 3181 607 3253 quanquam
630 3155 707 3225 haec
727 3156 777 3225 ita
797 3178 834 3226 se
855 3155 982 3224 omnia
1002 3153 1072 3224 ha-

119 3298 205 3360 ere3
225 3275 296 3343 Dei
319 3288 444 3344 tamen
461 3274 692 3369 benignitate
712 3273 827 3343 evasit
843 3295 960 3369 aeger,
975 3272 1070 3368 pris·

119 3417 140 3463 a
173 3391 334 3468 omnino
366 3392 519 3461 sanitate
550 3392 739 3478 restituta3
774 3388 839 3460 sed
874 3413 953 3458 nou
984 3403 1070 3460 ante

119 3531 162 3577 m
179 3507 400 3604 vigesimum
416 3523 593 3605 quartum
614 3531 636 3576 a
650 3506 767 3603 nigris
779 3505 1067 3602 dejectionibus,

119 3787 148 3864 ι)
167 3788 202 3842 L.
220 3769 256 3857 ί,
273 3787 376 3842 consil.
389 3789 436 3863 98.

120 3886 151 3963 a)
170 3886 281 3944 Medic.
294 3897 388 3960 praet.
406 3890 427 3943 l.
443 3888 478 3960 3,
491 3906 523 3961 p.
538 3906 571 3959 2,
589 3904 611 3944 s.
629 3903 666 3956 a,
681 3904 706 3943 e.
724 3903 769 3940 io.
