2654 4508
207 340 292 451 378·¹
369 376 414 422 on
441 376 583 423 sumnus
609 377 652 421 nr
678 374 798 423 causis
824 377 1031 426 uoaronuu

205 495 336 562 timore
357 503 399 558 tu
415 489 563 585 poteris.
586 492 665 585 Ego
687 490 836 559 interim
856 514 1019 586 quaeram
1047 494 1137 590 quid
1157 494 1203 566 il-

206 605 273 679 lud
289 620 401 693 esset,
425 604 483 675 vel
506 604 630 701 potius
656 604 746 702 quid
776 630 854 676 non
880 623 974 680 esset
998 608 1102 706 quod
1124 611 1200 683 lien

208 724 313 797 istius
326 722 474 820 juvenis
486 720 533 791 ad
548 747 753 793 convexam
773 720 903 795 faciem
918 750 996 796 uno
1012 742 1075 799 aut
1085 726 1203 800 altero

208 843 248 913 in
279 842 364 912 loco
391 841 463 910 alte
488 840 717 911 recondebat
749 840 935 915 solidioris
964 842 1204 935 substantiae,

209 959 361 1054 majoris
379 958 484 1028 nucis
504 957 770 1055 magnitudine.

263 1082 316 1164 14.
331 1074 451 1147 Habes
468 1076 507 1145 in
526 1075 641 1147 altera
660 1074 706 1146 de
726 1074 872 1149 duabus
897 1101 991 1173 quas
1008 1077 1116 1148 initio
1136 1103 1204 1149 no-

209 1194 347 1266 minavi
365 1191 598 1291 Sepulchreti
618 1175 868 1282 sectionibus,
890 1193 930 1264 id
955 1208 1010 1266 est
1029 1195 1069 1265 in
1085 1196 1205 1285 XVII,

210 1310 511 1383 observationem
533 1309 587 1407 (1)
611 1309 719 1382 lienis
740 1325 923 1382 steatoma
944 1311 1206 1401 recondentis,

127 1487 134 1507 .,
212 1429 373 1529 adgnata
410 1433 569 1499 materia
604 1443 778 1500 constans
802 1433 905 1514 nucis
940 1428 1206 1526 magnitudine,

209 1546 332 1621 trabes
348 1548 386 1615 in
400 1547 563 1618 sectione
581 1544 710 1616 eadem
734 1544 1012 1617 observationes
1037 1546 1208 1644 complu-

209 1689 270 1738 res
295 1665 403 1736 lienis
426 1690 471 1735 ex
494 1678 597 1760 parte
624 1663 853 1761 cartilaginei
884 1679 947 1736 aut
977 1668 1072 1736 ossei
1102 1661 1208 1754 facti,

210 1796 275 1855 aut
291 1782 420 1868 etiam,
436 1795 479 1852 ut
497 1780 696 1852 Pechlinus
717 1778 772 1877 (a)
800 1796 1004 1868 asseverat,
1030 1781 1206 1879 lapidosi,

212 1900 260 1973 ad
276 1922 369 1996 quas
391 1897 595 1997 adjungere
619 1898 708 1969 alias
735 1898 876 1995 poteris
903 1912 986 1969 tum
1010 1924 1055 1970 ex
1074 1922 1209 1997 praeee-

211 2017 324 2090 dente
344 2016 507 2087 sectione
530 2013 584 2112 (3)
602 2030 683 2086 tum
704 2039 748 2085 ex
772 2019 788 2082 Ι
809 2008 1011 2111 superioris
1032 2013 1119 2084 libri
1139 2013 1207 2111 (Δ)

213 2133 286 2205 Sed
305 2157 375 2232 ego
388 2133 491 2230 quod
508 2134 548 2204 in
563 2131 637 2203 hoc
652 2132 791 2227 juvene
804 2131 1053 2229 deprehendit
1078 2132 1212 2204 Valsal·

212 2275 276 2341 va,
290 2252 460 2323 neutrius
479 2251 628 2350 generis
640 2246 753 2320 fuisse
773 2248 905 2337 cred03
922 2247 1096 2345 perfacile
1110 2251 1210 2320 enim

119 2407 123 2414 ·
212 2384 414 2466 utrumque
429 2367 557 2440 fuisset
572 2368 746 2466 cognitu:
760 2392 830 2439 nec
852 2381 952 2438 certe
969 2368 1048 2466 ipse
1067 2391 1151 2438 cum
1172 2369 1211 2437 in

215 2512 310 2575 anu,
331 2485 377 2558 de
394 2512 468 2585 qua
491 2485 538 2557 ad
559 2500 596 2558 te
616 2486 747 2584 scripsi
767 2485 923 2584 epistola
936 2487 1004 2554 XX
1021 2481 1094 2581 (5),
1113 2485 1213 2556 intra

214 2606 389 2676 extimam
407 2605 516 2676 lienis
527 2617 672 2702 partem
692 2628 734 2674 os
750 2604 911 2691 invenit,
929 2599 1117 2673 affirmare
1143 2602 1215 2674 du-

216 2722 346 2795 bitavit
370 2747 407 2794 se
428 2745 566 2819 corpus
587 2719 778 2818 quoddam
796 2744 944 2793 osseum
964 2717 1086 2816 figura
1101 2718 1217 2817 sphae-

90 2914 92 2920 ,
215 2841 293 2913 rica
309 2840 502 2937 reperisse.
520 2839 639 2936 Igitur
656 2853 722 2909 aut
737 2838 888 2910 alterius
900 2837 1094 2933 cujusdam
1106 2863 1215 2935 gene·

146 2985 147 2988 ¹
214 2960 265 3030 ris
283 2956 393 3029 fuisse
404 2961 630 3054 putaverim,
647 2972 712 3027 aut
726 2957 757 3028 si
770 2957 921 3027 illorum
936 2977 1020 3053 quae
1035 2954 1213 3042 diximum

214 3075 448 3163 alterutrius,
463 3074 617 3146 secundi
637 3075 779 3172 potius,
798 3072 836 3144 id
855 3088 910 3145 est
925 3073 1017 3144 ossis
1035 3073 1214 3171 lapidisve

213 3191 545 3282 inchoamentum,
582 3218 696 3290 quam
734 3192 855 3290 primi.
891 3194 954 3262 Est
991 3191 1091 3261 enim
1121 3190 1215 3262 illud

254 3534 298 3613 (l
323 3555 368 3608 17·
416 3586 419 3591 .

252 3635 296 3814 ἓ)
318 3638 353 3692 tn
367 3636 506 3694 additam.
520 3634 585 3690 obs.
598 3651 626 3688 2.

267 3655 283 3691 2

254 3845 284 3908 tl

319 3832 735 3891 Inaddst.obs.31etschol

256 3932 428 4027 fflffm.

271 3555 282 3591 1

269 3733 718 3814 &hmfflwmmwd
