2580 4514
169 391 224 437 ns.
243 389 297 437 111.
327 387 376 435 ns
401 388 537 435 nonms
563 385 732 451 vsurnrs,
759 374 870 433 nrrsr.
891 388 1011 433 xxxrv.
1042 363 1113 437 253

141 496 210 595 ipsi,
230 501 476 574 hiccehiatus
496 525 571 570 esse
594 498 803 595 aliquando
825 499 910 572 levis
929 505 1091 572 incisura
1102 556 1113 589 ,

142 638 187 687 seu
210 598 331 690 sulcus
353 633 446 716 post
463 619 767 714 flaccescentium
791 616 926 687 harum
946 625 1119 715 partium

143 727 261 805 benum
289 759 488 834 apparens.
526 736 626 805 Num
656 758 763 829 vero,
797 734 1117 829 quemadmodum

142 847 218 922 sinus
233 851 316 940 ille,
337 852 386 922 ita
404 876 558 949 quoqne
576 851 778 947 caruncula
797 852 894 920 intra
915 877 1026 947 quam
1045 868 1118 941 est,

130 964 340 1064 ,ampli-ficata
363 982 480 1056 esset,
506 969 636 1064 sicque
658 982 694 1038 et
721 967 824 1037 sinus
851 964 1036 1038 orificium
1064 984 1118 1039 te·

135 1083 243 1154 nuiori
264 1080 418 1156 fortasse
434 1082 614 1155 catheteri
632 1082 817 1178 objicere,
842 1099 878 1154 et
892 1084 1009 1153 nrinae
1029 1109 1118 1181 sup-

127 1202 348 1297 pressionem
369 1198 489 1272 facere
506 1216 651 1298 posset,
669 1201 816 1272 tametsi
829 1201 1028 1272 verisimile
1044 1216 1118 1291 est,

126 1329 242 1389 tamen
264 1341 352 1389 cum
370 1317 539 1390 Valsalva
558 1319 653 1389 nihil
669 1332 845 1416 praeterea
855 1317 1058 1407 addiderit,
1073 1332 1119 1391 ω

120 1431 296 1508 libentius
316 1436 355 1505 in
373 1435 499 1512 medio
517 1436 749 1533 relinquam,
768 1434 892 1532 quod,
913 1450 955 1506 ut
970 1459 1120 1521 causam

119 1565 335 1650 praeteream
354 1579 374 1622 a
394 1553 587 1625 Walthero
607 1554 661 1650 (ι)
675 1567 940 1639 memoratam,
960 1553 1121 1651 graviter

119 1664 258 1740 affectis
278 1669 411 1740 vicinis
430 1669 622 1767 partibus,
641 1670 737 1741 adeo
758 1695 836 1741 non
853 1671 1046 1741 insolitum
1063 1684 1121 1743 est
1198 1686 1200 1690 ‘

119 1787 279 1858 vesicam
294 1788 333 1856 in
348 1812 577 1860 consensum
594 1787 711 1876 trahi,
734 1788 944 1884 lotiumque
964 1813 1042 1859 non
1060 1813 1122 1860 ex·

119 1903 282 2002 pellere,
300 1917 341 1976 ut
357 1909 561 1977 Sennertus
573 1904 627 2003 (a)
644 1906 742 1976 inter
758 1907 862 2002 signa
878 1903 1123 1977 inflammato·

119 2024 203 2108 run'r
222 2021 491 2093 intestinorum
519 2023 593 2094 hoc
610 2023 842 2094 recensuerit
859 2050 867 2093 ε
884 2000 976 2120 quin
1010 2025 1122 2096 etiam

119 2135 210 2208 olim
230 2139 362 2225 Caelins
378 2139 601 2211 Aurelianus
620 2140 674 2238 (3)
691 2141 789 2210 inter
802 2156 933 2211 catera
948 2140 1048 2211 ileon
1060 2166 1123 2212 co·

119 2255 291 2326 mitantia
312 2255 407 2326 mala
426 2262 562 2341 vesicae
577 2273 614 2328 et
631 2259 752 2352 officii
765 2263 904 2329 ventris
915 2261 1123 2356 perfectam

119 2371 385 2480 abstinentiam
401 2375 536 2471 posuit.
555 2379 697 2446 Verum
712 2374 758 2446 de
773 2377 1035 2473 suppressione
1050 2377 1123 2447 uri·
1227 2432 1230 2438 ,

119 2515 175 2562 nae
192 2489 295 2562 alibi.
313 2494 423 2563 Nunc
439 2492 517 2564 istis
531 2492 680 2565 duabus
700 2493 876 2565 Valsalvae
893 2494 1123 2566 observatio-

119 2607 233 2680 nibus
251 2608 395 2708 aliquot
409 2635 454 2682 ex
470 2612 609 2683 nostris
627 2610 875 2706 subjiciamus.

168 2753 204 2824 9.
221 2731 241 2796 J
244 2728 357 2797 uveni
373 2727 542 2825 agricolae
564 2753 650 2800 cum
668 2744 754 2800 ante
773 2754 892 2800 annos
911 2744 1052 2825 septem
1070 2731 1124 2798 in·

119 2845 301 2917 testinum
322 2843 517 2943 delapsum
537 2862 632 2919 esset
654 2848 694 2918 in
718 2862 885 2919 scrotum
904 2845 1123 2934 dexterum,

122 2959 215 3033 hinc
234 2976 361 3035 autem
379 2965 539 3036 insuam
559 2964 685 3037 sedem
710 2964 939 3063 repositum,
960 2962 1124 3060 subliga-

121 3078 197 3150 culi
231 3102 304 3178 ope
324 3096 533 3169 retentum,
565 3082 727 3171 nullam,
756 3081 878 3153 donec
906 3080 1020 3177 hujus
1045 3106 1124 3152 non

122 3197 286 3299 omissus
305 3215 362 3270 est
383 3224 495 3287 usus,
516 3200 691 3297 attulerat
718 3212 865 3271 noxam.
889 3201 1036 3272 Omisso
1060 3225 1126 3270 au·

124 3328 199 3387 tem
231 3314 415 3414 denique,
447 3317 581 3390 accidit
600 3333 644 3388 ut
663 3343 749 3388 cum
767 3317 863 3389 dnos
883 3318 960 3413 jam
979 3317 1127 3389 circiter

125 3457 285 3506 menses,
294 3448 485 3507 teneretur
494 3435 828 3508 intermittentibus
843 3433 1027 3521 febribus,
1042 3450 1127 3506 etse

164 3735 212 3816 (ι)
234 3737 358 3793 Dissert.
371 3738 408 3794 de
420 3739 505 3795 Collo
518 3737 596 3794 viril.
611 3738 729 3808 vesicae,
745 3749 800 3795 etc.
819 3738 874 3808 53.

163 3837 210 3916 (α)
232 3835 343 3894 Medic.
356 3849 451 3912 praet.
468 3839 489 3893 1.
505 3838 539 3910 3,
553 3858 585 3913 p.
600 3857 633 3910 2,
651 3857 674 3895 s.
693 3856 726 3909 1,
742 3857 767 3895 c.
782 3838 809 3895 3.

168 3938 215 4016 (3)
236 3939 327 3995 Acut.
341 3955 416 4011 pass.
431 3939 452 3994 l.
468 3939 502 4010 3,
521 3957 548 3994 c.
564 3957 609 4010 17.
