2580 4514
191 404 259 449 ma.
280 404 334 450 111.
352 398 400 450 nn
417 401 552 450 nonms
568 402 741 466 vaurms,
759 404 870 451 arrsr.
892 403 1043 461 xxxvtn.
1072 378 1140 452 681

139 532 180 586 et
200 516 336 588 medici
353 533 389 588 et
405 516 572 613 chirurgi
589 519 628 585 in
647 514 817 586 eamdem
836 518 1058 587 sententiam
1075 518 1148 590 ive·

140 649 250 721 runt,
267 633 414 705 Nuckio
430 633 485 730 (1)
506 634 711 731 praesertim
736 658 815 703 non
839 631 1035 704 dubitante
1053 635 1147 731 quin

143 751 445 849 lymphaeductus
465 750 646 849 disrupti,
667 753 803 821 iteruin
820 748 1042 822 claudantur
1052 767 1150 854 post·

138 894 257 967 quam
278 869 411 940 educta
434 893 552 966 aqua,
570 873 669 939 inter
693 893 730 939 se
751 866 1017 938 contrahentes
1036 867 1149 938 abdo·
1206 889 1208 892 ⁴

139 987 255 1057 minis
267 986 459 1057 musculos
470 1001 506 1057 et
520 986 713 1083 peritonaei
724 985 880 1056 laminas
894 972 1150 1081 comprimun-
1246 1046 1250 1055 .

139 1119 223 1190 tur,
244 1103 348 1202 quod
369 1104 408 1172 in
429 1104 566 1192 ascite,
589 1104 619 1175 si
646 1102 693 1173 ab
717 1103 840 1199 ruptis
861 1104 958 1173 vasis
976 1100 1148 1197 lympha·

138 1222 224 1293 ticis
244 1237 351 1292 ortus
366 1223 434 1310 sit,
448 1222 604 1292 minime
617 1218 754 1292 habeat
768 1218 897 1290 locum
912 1273 922 1306 ,
942 1233 978 1289 et
994 1216 1148 1289 absolu-

140 1353 197 1410 tas
213 1337 284 1420 hac
305 1340 452 1411 ratione
470 1340 562 1411 duas
582 1337 764 1435 hydropis
783 1335 977 1433 peritonaei
993 1334 1150 1405 curatio-

96 1445 99 1450 *
138 1480 208 1528 nes
233 1456 491 1554 producente,
518 1455 629 1526 amici
661 1479 796 1540 unam,
828 1453 1004 1540 alteram,
1033 1477 1147 1548 quam

137 1574 298 1646 attinere
315 1572 392 1646 huc
410 1575 579 1661 censuit,
599 1598 644 1643 ex
667 1571 812 1642 Thoma
832 1568 1077 1658 Bartholino;
1100 1569 1148 1641 ad

136 1715 233 1788 quas
257 1691 345 1763 alias
374 1716 489 1789 porro
510 1688 732 1776 addidisset,
758 1691 788 1761 si
806 1703 898 1760 tunc
924 1689 1148 1775 extitissent,
1173 1717 1175 1721 ’

136 1822 319 1905 utquam
348 1808 392 1878 cl.
422 1812 620 1906 Degnerus
644 1807 699 1905 (a)
727 1807 766 1877 in
790 1805 945 1878 dextera
969 1803 1147 1878 inferiore
1215 1869 1217 1874 .

137 1924 353 1997 abdominis
365 1941 494 2024 parte,
512 1941 548 1998 et
560 1926 619 1997 vel
630 1926 748 2022 magis
760 1948 874 2021 quam
888 1927 927 1995 in
942 1922 1147 1997 abdomine

137 2045 333 2132 universo,
348 2044 499 2116 laudato
509 2042 686 2115 Brehmio
696 2039 751 2138 (3)
765 2040 970 2127 referente,
986 2043 1066 2138 ipsa
1078 2065 1146 2138 per

137 2186 176 2234 se
202 2176 336 2231 natura
370 2159 528 2259 perfecit
554 2160 652 2230 clara
679 2159 720 2226 in
749 2158 815 2228 illo
841 2181 928 2229 casu
960 2181 1080 2253 aqua,
1105 2159 1146 2228 in

135 2279 211 2348 hoc
224 2290 350 2346 autem
370 2301 453 2347 sero
470 2275 630 2374 limpido
647 2290 683 2346 et
706 2272 869 2345 inodoro
887 2272 1051 2371 profuso.
1076 2274 1147 2346 Sed

136 2410 384 2494 posteaquam
405 2391 709 2464 animadversum
736 2407 792 2463 est
817 2416 896 2463 non
921 2392 972 2465 ita
997 2415 1146 2490 semper

135 2512 284 2583 habere
304 2536 342 2584 se
359 2511 556 2609 peritonaci
577 2533 744 2598 saccum,
760 2524 802 2580 ut
818 2507 927 2580 suita
950 2508 1085 2606 Tulpio
1110 2525 1146 2580 et

132 2627 359 2701 -Meekrenio
371 2643 615 2728 conspectus,
630 2626 695 2700 sed
713 2625 948 2714 tumoribus,
967 2625 1145 2697 abscessi-

134 2746 225 2832 bus,
246 2734 440 2818 ulceribus
472 2746 522 2818 ita
551 2743 650 2818 affici
675 2743 907 2842 aliquando,
937 2759 977 2816 ut
1000 2742 1146 2831 detrahi

137 2864 294 2961 quidem
325 2889 423 2962 aqua
451 2866 590 2962 possit,
618 2880 665 2942 at,
682 2889 761 2935 non
785 2878 986 2961 propterea
1010 2861 1090 2956 ejus
1109 2875 1147 2932 et

136 2983 243 3078 puris
279 2982 524 3077 scaturigines
549 2982 698 3070 siccari,
726 2977 762 3052 et
790 2979 889 3052 hanc
920 2979 970 3050 ob
996 3002 1145 3050 causam

136 3112 350 3168 matronam
371 3097 418 3168 de
439 3123 513 3193 qua
534 3099 689 3170 Littrius
715 3099 796 3195 (4),
823 3112 860 3169 ct
884 3096 1146 3168 mulierculam

137 3213 184 3284 de
203 3239 277 3311 qua
297 3213 426 3286 scribit
441 3215 607 3288 Laubius
624 3214 682 3314 (ὅ)
701 3218 840 3288 servari
859 3239 939 3287 nou
954 3216 1145 3312 potuisse,

194 3548 222 3630 1)
243 3553 300 3611 cit.
317 3555 356 3612 ad
370 3575 400 3610 n.
416 3554 464 3615 50.

192 3653 222 3730 a)
243 3656 310 3708 Act.
325 3657 362 3710 N.
379 3658 409 3712 C.
427 3667 498 3712 tom.
514 3626 546 3727 d,
560 3657 625 3714 obs.
641 3676 668 3713 2.

193 3749 222 3829 3)
243 3753 313 3808 Vid.
328 3772 435 3829 supra,
451 3777 481 3813 n.
496 3755 542 3833 594

193 3850 224 3928 ι)
244 3852 301 3907 eit.
314 3853 354 3910 ad
368 3873 399 3910 n.
416 3853 464 3913 50.

179 3551 190 3628 (

178 3653 190 3728 (

180 3751 191 3832 l

180 3849 191 3932 l

180 3949 211 4029 (t
245 3952 322 4009 uta.
