2580 4514
144 409 212 495 548
310 431 356 475 oa
383 424 529 474 senrrus
553 426 597 470 ar
622 424 747 472 causis
773 425 989 495 moruorum

138 547 232 615 titur
255 539 330 638 (1);
353 538 495 609 admon
517 539 567 606 ita
591 536 726 607 multas
751 537 969 629 reducitur,
992 563 1131 637 quarum

140 661 266 758 plures
291 659 363 727 alio
390 657 529 753 pariter
562 668 599 724 et
628 654 851 723 nominatim
880 656 936 726 ad·
962 660 1132 728 ventrium

139 777 329 873 hydropes
347 787 526 869 spectant.
551 773 723 859 Quorum
745 773 813 866 qui
834 772 950 844 nobis
967 774 1134 845 tractandi

141 907 247 977 sunt,
265 890 395 960 ascites
413 902 449 956 et
466 886 690 982 tympamites
711 887 740 955 si
760 887 830 956 soli
850 891 1012 960 materia
1031 904 1135 962 essent

141 1012 226 1078 XXI
252 1006 447 1088 sectionis3
480 1000 649 1087 fortasse,
671 1027 748 1072 nom
761 1000 933 1102 longior
958 1009 1136 1104 superiore

140 1122 218 1223 haec
238 1137 332 1193 esset
352 1120 519 1217 epistola.
542 1124 683 1190 Verum
701 1143 785 1190 curn
808 1138 950 1217 praeter
970 1125 1056 1196 illos
1074 1125 1136 1222 ple·

140 1245 248 1338 rique
266 1242 419 1335 insuper
433 1261 476 1306 ex
488 1236 643 1333 reliquis
653 1236 864 1308 tumoribus
885 1243 1035 1313 ventris
1052 1244 1088 1312 in
1105 1265 1135 1311 ea

141 1359 305 1432 sectione
328 1367 614 1453 proponantur;
630 1352 700 1423 hos
717 1355 989 1428 constituimus
1004 1360 1043 1429 in
1063 1360 1135 1429 litte

141 1501 201 1547 ras
224 1475 412 1572 proximas
442 1471 620 1565 rejicere3
647 1470 713 1541 has
741 1485 866 1541 autem
895 1499 977 1544 non
1007 1475 1054 1547 de
1074 1475 1135 1545 aliis

141 1591 258 1664 ferme
276 1613 388 1686 quam
410 1586 457 1657 de
476 1602 638 1682 utroque
661 1586 724 1658 illo
747 1586 923 1687 hydrope
939 1597 990 1663 ‘et
1012 1595 1133 1690 perito-

140 1711 231 1792 naei,
247 1723 283 1778 et
299 1707 379 1777 aliis
398 1728 493 1802 quos
511 1719 675 1784 sacratos
689 1706 873 1793 vocitant,
893 1733 1061 1782 exarare.
1074 1713 1133 1780 Nee

141 1845 267 1898 tamen
285 1822 566 1894 observationes
583 1819 662 1891 illas
680 1821 754 1892 huc
768 1848 926 1920 quoquc
939 1828 1134 1908 attinentes,

142 1967 225 2042 quae
242 1940 330 2010 alibi
348 1953 384 2009 et
401 1938 604 2036 praesertim
624 1961 709 2008 cum
725 1938 771 2009 de
787 1938 960 2012 thoracis
977 1944 1133 2040 hydrope

143 2058 411 2141 scriberemus,
437 2054 578 2125 traditae
604 2071 707 2141 sunt,
729 2055 790 2126 hic
816 2057 959 2160 iterum
981 2077 1133 2158 expecta·

141 2176 222 2265 bis;
245 2174 308 2246 sed
322 2172 504 2273 aliassive
518 2198 563 2243 ex
579 2171 761 2260 Valsalva,
775 2173 851 2243 sive
865 2199 914 2244 ex
925 2176 1051 2249 nobis.
1062 2178 1132 2274 Ejus

142 2308 230 2366 sunt
246 2295 361 2390 igitur
375 2314 456 2386 quae
473 2291 654 2359 continuo
676 2307 976 2385 consequuntur.

169 2412 172 2417 ’
192 2440 223 2481 a.
240 2411 307 2480 Vir
321 2431 509 2477 annorum
522 2408 727 2502 sexaginta,
745 2406 969 2501 herniosus,
988 2411 1132 2482 difficul-

141 2545 215 2600 tate
235 2525 401 2624 spirandi
415 2525 550 2620 sitique
564 2525 775 2621 corripitur.
792 2529 939 2598 Venter
957 2530 1134 2627 pedesque

140 2647 406 2738 intumescunt.
427 2643 493 2712 Siti
510 2641 659 2711 tandem
679 2643 852 2731 remissa,
871 2648 1050 2718 moritur.
1071 2645 1132 2717 Ab·

141 2762 303 2834 dominis
320 2760 473 2856 adiposa
498 2757 715 2828 membrana
737 2772 773 2830 et
791 2763 959 2833 musculi
980 2789 1064 2835 cum
1085 2787 1131 2834 se-

141 2893 335 2964 carentur,
359 2899 482 2946 serosa
495 2876 533 2944 in
551 2876 758 2946 interstitiis
772 2880 933 2950 materia
953 2881 1129 2979 apparuit:

141 3021 222 3094 quae
243 2997 282 3065 in
306 2993 447 3064 ventris
471 2992 581 3062 etiam
607 3016 697 3061 cavo
718 2996 895 3064 occurrit.
917 3001 1014 3068 Cum
1034 2999 1131 3094 hujus

141 3114 214 3182 ima
238 3112 384 3182 sinistra
409 3123 512 3206 parte
535 3108 704 3180 saeculus
722 3134 764 3180 ex
790 3113 1003 3207 peritonaeo
1028 3113 1129 3186 factus

141 3225 464 3312 communicabat,
481 3226 743 3296 intestinorum
770 3231 992 3324 portionem
1025 3233 1128 3305 couti·

139 3369 243 3419 mens.
261 3327 303 3413 ln
322 3343 475 3413 thorace
489 3343 737 3438 pericardium
755 3368 839 3414 sero
859 3351 1038 3423 scatebat.
1050 3348 1128 3420 Flui-

139 3464 209 3536 dus
229 3463 267 3530 in
286 3459 500 3530 ventriculis
520 3458 644 3530 cordis
657 3462 807 3558 sanguis
821 3461 903 3536 fuit.

187 3582 219 3654 3.
235 3584 489 3671 Quaecumque
505 3575 686 3675 hydropis
700 3579 740 3648 in
755 3579 829 3651 hoc
845 3585 933 3656 viro
945 3610 1053 3657 causa
1063 3582 1126 3656 fue·

178 3944 222 4025 (ι)
241 3945 310 4004 Vid.
323 3942 386 4000 obs.
400 3940 446 4015 11,
463 3946 478 4012 S
493 3941 551 4001 set
563 3961 617 4041 9...-
