2580 4514
119 350 187 426 166
279 379 326 423 nn
352 378 497 424 serimus
522 378 565 423 nr
591 376 714 423 causrs
739 374 950 423 nonnosum

116 491 219 595 quod
244 492 472 588 polyporum
497 490 543 560 de
569 489 709 587 quibus
737 513 850 588 supra
876 489 1141 576 dictumest,

118 626 288 681 naturam
308 608 488 697 haberet,
507 607 571 680 sed
591 609 679 705 quia
694 609 775 678 nasi
796 608 1002 706 polypum,
1019 632 1039 679 a
1055 631 1152 678 eu*

112 729 174 824 jus
190 726 433 798 similitudine
446 741 534 797 sunt
548 725 602 794 illi
616 726 811 822 appellati,
822 750 901 795 non
913 724 1032 824 figura
1045 751 1156 796 mo*

117 846 167 916 do
186 842 363 929 referret,
387 842 451 914 sed
474 857 608 914 natura
625 866 797 939 quoque;
821 841 920 913 hanc
941 845 1042 915 enim
1062 867 1156 914 so·-

116 963 190 1032 lers
216 961 276 1030 ille
307 975 512 1057 cautusque
545 961 778 1031 anatomicos
812 984 1011 1031 carnosum
1033 984 1156 1057 pro-

116 1079 319 1148 nunciavit.

169 1223 223 1265 22.
236 1197 313 1264 Nec
327 1209 452 1264 tamen
465 1192 599 1264 dubito
616 1196 710 1289 quin
729 1195 991 1266 excrescentiae
1008 1195 1118 1265 intes·

118 1315 286 1384 tinorum
317 1311 508 1382 interdum
543 1313 688 1409 possint
719 1337 763 1382 ex
796 1328 957 1409 utraque
991 1326 1119 1383 natura

121 1449 314 1520 constare,
333 1448 375 1503 ut
397 1435 426 1504 si
443 1435 587 1505 carneis
614 1430 774 1504 fimbriis
802 1448 838 1503 et
859 1432 1121 1530 inaequalibus,

119 1552 375 1649 impolitisque
412 1550 684 1649 superficiebus
718 1551 907 1622 adhaerere
943 1551 1119 1648 incipiant

118 1668 264 1739 viscidae
289 1670 414 1766 puris,
434 1685 498 1740 aut
523 1673 626 1741 succi
648 1652 933 1754 intestinorum,
959 1683 1026 1738 aut
1046 1691 1120 1739 san·

119 1787 241 1882 guinis
270 1783 378 1857 effusi
404 1770 592 1883 particulae
619 1814 626 1854 :
660 1786 794 1883 hisque
821 1785 898 1855 aliae
925 1785 1116 1883 deinceps

119 1903 295 2000 aliaeque,
315 1919 355 1974 ut
372 1903 476 1974 radix
498 1919 535 1974 et
550 1904 709 1975 nucleus
728 1929 773 1974 ex
789 1927 876 1975 vera
900 1904 976 1973 sint
1001 1926 1117 1988 carne,

121 2023 402 2117 circumjectum
431 2037 553 2091 autem
583 2021 881 2117 adjunctumque
903 2018 1015 2090 molis
1042 2043 1115 2090 cor·

119 2164 209 2235 pus,
229 2138 419 2234 hujusque
439 2139 666 2235 appendices
688 2162 733 2206 ex
750 2162 829 2208 non
850 2161 949 2208 vera.
970 2135 1118 2208 Consul·

119 2269 179 2325 tus
195 2280 289 2352 sum,
302 2245 402 2325 anno
419 2254 521 2352 1736,
533 2282 604 2353 pro
614 2255 734 2326 nobili
746 2256 841 2343 viro,
853 2256 919 2351 qui
930 2270 1017 2351 post
1031 2277 1115 2351 saepe

118 2373 295 2469 repetitas
311 2374 501 2470 sanguinis
516 2374 763 2470 dejectiones,
782 2398 871 2444 mox
885 2396 973 2442 cum
986 2372 1114 2444 bilioso

121 2487 328 2577 elvidium,
347 2505 383 2560 et
403 2490 571 2578 assidua,
586 2492 753 2587 'primum
773 2491 861 2573 levi,
882 2489 1022 2562 deinde
1041 2513 1115 2560 acu·

120 2622 155 2677 ta
170 2605 273 2678 febre
289 2609 529 2703 conjunctas,
540 2633 624 2679 cum
637 2608 715 2678 haec
729 2623 765 2678 et
776 2609 900 2706 gravia
911 2608 991 2703 ejus
1004 2630 1114 2704 symp

122 2739 261 2794 tomata
279 2724 327 2795 ab
344 2715 599 2797 remediorum
627 2728 787 2796 maxime
817 2724 1113 2797 convenientium

120 2866 188 2913 usu
216 2842 311 2911 nihil
337 2845 595 2932 remitterent,
623 2845 700 2915 imo
729 2841 824 2913 illud
853 2867 986 2913 eorum
1019 2839 1114 2941 quod

120 2973 198 3028 erat
211 2982 286 3055 prae
304 2962 436 3032 ceteris
456 2986 587 3060 grave,
607 2985 744 3058 nempe
763 2962 904 3030 ventris
922 2960 1054 3048 dolor,
1079 2982 1115 3030 ex

119 3075 255 3146 acerbo
275 3092 430 3173 repente
450 3076 587 3149 factum
608 3095 702 3150 esset
720 3076 1022 3164 acerbissimum,
1040 3088 1115 3176 post

119 3193 280 3263 multum
317 3197 538 3292 sanguinem
571 3210 766 3294 egesserat.
799 3193 974 3292 Chirurgi
1008 3217 1114 3266 mauu

120 3309 338 3405 adjuvante,
357 3338 496 3410 corpus
516 3312 707 3410 quoddam
727 3312 964 3410 longitudine
984 3336 1114 3411 prope·

120 3425 275 3496 modum
301 3429 414 3525 palmi
438 3433 550 3500 unius
575 3445 612 3501 et
638 3433 768 3517 semis,
793 3414 1114 3501 crassitudinem-

117 3558 192 3614 tem
223 3560 259 3616 et
284 3544 406 3643 figura
430 3546 510 3617 aliis
536 3548 575 3615 in
606 3546 775 3643 partibus
796 3547 876 3617 alia.
904 3552 948 3616 In
974 3569 1113 3619 summo

116 3663 215 3730 enim
237 3661 399 3735 informe
427 3679 538 3759 eaput
557 3661 741 3734 referebat
762 3665 868 3760 quasi
888 3689 988 3733 ranae
1012 3680 1113 3762 gran·

117 3776 251 3867 dioriS‚
283 3806 349 3849 ore
385 3779 534 3868 hiante3
570 3781 760 3878 reliquum
793 3806 934 3878 corpus
959 3782 1113 3853 exterius

117 3891 232 3965 i'erme
251 3911 347 3966 teres
362 3952 371 3981 ,
389 3899 489 3969 intus
510 3923 662 3987 cavum,
682 3915 760 3969 erat
778 3914 1012 3972 transversos
1027 3898 1111 3973 duos
