2580 4514
187 388 260 441 trs.
278 393 334 440 111.
356 392 408 440 ⁴nr
428 391 564 440 nonnis
582 392 754 456 vurmius,
780 393 892 441 nrrsr.
912 366 1049 440 xxxvu.
1077 368 1148 466 473

138 505 191 581 ob
206 531 360 579 causam
379 505 523 596 solent,
538 520 580 576 ut
598 505 680 576 olea
699 507 837 603 passim
857 507 1077 605 resinasque
1094 508 1147 583 vi·
1178 544 1182 553 ·

135 621 278 701 demus
296 639 560 722 supernatare,
574 647 623 695 an
645 623 732 721 quia
748 623 880 721 primi,
908 649 1148 723 quacumque

135 768 191 819 ex,
200 743 358 815 materia
374 740 490 839 fiant,
505 741 616 840 plura
628 764 744 839 quam
773 740 899 830 alteri,
919 741 1148 841 interspersa
1175 809 1177 813 ,
1235 803 1238 808 .

133 859 308 939 habeant
324 858 511 956 ejusmodi
525 857 745 942 intervalla,
763 882 848 930 aere
873 856 1048 930 videlicet
1068 859 1148 957 ple-

138 1001 213 1067 na,
231 977 341 1072 cujus
354 977 559 1049 immanem
573 1000 662 1047 sane
679 975 828 1073 copiam
849 975 998 1072 cysticis
1013 975 1149 1073 lapillis

137 1095 332 1173 contineri
356 1093 422 1167 cel.
448 1092 692 1190 Hallerus(1)
714 1092 833 1174 credit
852 1119 896 1165 ex
918 1092 1055 1166 Halesii
1078 1093 1149 1164 ob-

129 1215 373 1307 ·servatione3
393 1210 433 1282 id
453 1210 523 1282 tibi
539 1212 655 1309 igitur
673 1210 857 1308 quaerenti
875 1236 954 1282 non
976 1209 1148 1308 displice·

133 1330 241 1405 bunt
256 1327 413 1405 fortasse
424 1355 509 1428 quae
529 1328 576 1401 de
593 1329 761 1416 emissis,
785 1343 850 1400 aut
880 1327 926 1400 ad
944 1352 1009 1400 eos
1027 1325 1148 1399 adhae·

135 1447 315 1540 rentibus
328 1448 368 1543 in
383 1471 479 1545 aqua
497 1446 652 1518 bullulis
665 1445 877 1526 observavi,
893 1447 924 1518 si
940 1445 1034 1544 quid
1051 1442 1148 1520 forte

134 1565 189 1641 ad
207 1565 363 1640 illorum
380 1566 585 1664 praesertim
620 1563 783 1636 reditum
814 1563 1078 1662 explicandum
1094 1560 1148 1635 fa-

137 1684 525 1782 cerentquiprimum
541 1681 702 1780 delapsi,
721 1706 811 1753 mox
823 1706 861 1754 se
873 1683 913 1752 in
926 1705 1149 1780 supremum
1185 1743 1186 1746 ,

135 1804 271 1877 locum
289 1800 493 1873 restituunt
509 1814 573 1871 aut
591 1801 788 1871 restituere
807 1800 992 1871 nituntur.
1009 1798 1149 1871 Obser-

138 1921 447 1997 vationesautem
459 1939 561 1988 meas
570 1939 657 1987 cum
671 1918 715 1988 iis
729 1913 1053 2013 conferrejuvabit
1067 1942 1149 2015 quae

137 2038 193 2112 de
206 2036 323 2109 bullis
339 2035 386 2107 ad
403 2037 579 2108 immersa
593 2035 664 2106 alia
680 2059 842 2134 torpora
860 2033 1149 2124 adhaerentibus,

138 2181 352 2255 earumque
367 2155 414 2227 ad
428 2154 677 2227 attollendum
692 2155 728 2224 vi
738 2155 867 2253 ¹attigit
893 2154 984 2225 olim
1005 2158 1151 2226 Stanca-

137 2276 223 2348 rius
239 2297 346 2346 meus
357 2272 432 2370 (a),
450 2273 571 2343 multo
587 2287 710 2343 autem
728 2271 918 2370 copiosius
928 2272 1067 2343 Petitus
1078 2296 1151 2343 me·

136 2389 318 2488 dicusld)
337 2405 392 2463 est
411 2404 642 2488 persecutus.
664 2393 784 2481 Quem
804 2387 896 2459 dum
917 2388 1038 2487 legeS,
1056 2387 1150 2459 illud

133 2511 257 2589 ,etiam
275 2507 415 2598 disces,
439 2506 533 2606 quid
553 2508 655 2578 calor
677 2505 827 2578 additus
845 2530 950 2603 aquae
968 2507 1086 2604 possit
1102 2504 1149 2576 ad

137 2625 409 2713 efficiendum,
423 2640 465 2697 ut
479 2650 562 2723 quae
573 2624 743 2723 alioquin
754 2637 1057 2722 supernatarent,
1073 2622 1151 2717 des-

139 2743 330 2822 cendant:
350 2768 431 2840 quae
457 2767 537 2831 res,
560 2741 609 2814 ad
633 2740 763 2825 felleos
789 2741 954 2816 calculos
974 2741 1152 2839 translata
1230 2763 1232 2767 ·

140 2860 310 2939 ostendit
322 2861 431 2932 aliam
441 2861 598 2959 insuper
608 2884 780 2948 causam,
799 2859 900 2932 unde
916 2860 1152 2958 experimen-

139 2996 177 3053 ta
198 2979 344 3051 variare
363 2978 530 3074 possint,
548 2974 764 3075 faceretque
788 2975 882 3048 adeo
909 2991 952 3049 ut
976 2989 1152 3073 suspecta

142 3095 242 3170 milri
258 3109 384 3168 essent
396 3093 460 3198 illa
471 3119 556 3192 ,quae
573 3092 718 3193 frigidis
728 3096 818 3167 anui
830 3093 1067 3192 temporibus
1075 3092 1152 3188 fere

141 3214 265 3289 habui
276 3227 363 3311 post
382 3210 518 3283 editam
535 3211 732 3309 epistolam
751 3213 1001 3284 anatomicam
1018 3216 1057 3301 I,
1079 3210 1153 3283 nisi

140 3337 183 3406 in
203 3330 332 3430 tepida
347 3328 583 3415 habuissem,
599 3354 678 3400 non
695 3331 735 3400 in
753 3326 929 3402 fervente.

195 3448 255 3523 26.
284 3452 360 3519 Cur
384 3470 475 3519 vero
497 3445 786 3524 inflammabiles
810 3448 904 3537 sint,
924 3444 1154 3540 manilestius

182 3752 229 3834 (1)
250 3751 299 3807 Ad
310 3750 416 3806 Boerh.
434 3749 564 3823 praelect.
580 3752 595 3819 S
612 3746 669 3805 250
680 3789 688 3820 ,
701 3759 766 3805 not.
778 3769 803 3831 r.

181 3853 228 3932 (a)
249 3851 319 3908 Vid.
332 3850 490 3907 Vallisner.
505 3868 588 3924 oper.
600 3860 621 3905 t.
635 3869 664 3922 1,
676 3869 708 3925 p.
724 3850 753 3906 6.

181 3955 229 4035 (3)
249 3954 341 4012 Mem.
357 3952 392 4010 de
409 3950 522 4010 l'Aead.
536 3969 601 4029 roy.
618 3951 670 4011 des
682 3952 730 4012 Sc.
741 3992 750 4025 ,
762 3968 810 4009 an.
826 3938 914 4023 1731'.
