2580 4514
190 411 261 457 cus.
281 408 336 455 ιιι.
365 407 412 453 nn
431 406 567 454 nonius
581 405 755 470 rsuram,
779 405 891 455 nr1sr.
911 407 1047 454 xxxvn.
1074 385 1156 482 463'

137 518 247 610 ficri,
264 520 312 594 ad
327 521 526 615 minimum
551 519 727 593 nucleum
746 519 941 616 applicitis.
963 525 1019 596 Tu
1045 523 1147 595 enim

135 667 227 742 quae
243 643 283 712 in
298 640 526 721 Adversariis
545 639 622 737 (1),
654 639 790 736 quaein
811 639 968 735 epistola
986 644 1003 709 Ι
1021 658 1146 717 anato-
1262 739 1267 749 .

136 761 241 831 mica
256 767 312 856 (o)
330 772 367 829 et
381 781 463 854 quae
482 758 522 827 in
539 756 697 854 epistola
716 755 763 827 ad
790 754 1037 828 Schrockium
1056 760 1147 835 mis·

136 876 269 973 sa13),
288 901 307 946 a
329 900 390 946 me
412 874 458 947 de
482 874 607 946 nuclei
624 889 775 959 natura,
796 873 970 961 mollitie,
1000 862 1145 974 magni-

131 993 275 1067 tudine
292 996 521 1092 praesertim,
549 993 588 1062 in
616 1006 672 1063 tot
699 1006 736 1062 et
765 1012 840 1062 tam
866 993 977 1065 variis
994 994 1145 1068 calculis

138 1110 341 1190 observata
359 1112 451 1198 sint,
467 1107 574 1197 vide3
591 1109 682 1179 nolo
706 1109 806 1179 enim
828 1107 892 1179 hic
915 1109 1060 1183 iterare.
1084 1117 1145 1185 Ine

134 1227 286 1326 telliges
307 1241 426 1316 certe,
444 1251 523 1296 non
540 1249 696 1324 parvum
717 1248 788 1322 pro
806 1223 944 1297 horum
958 1227 1056 1299 mole
1069 1252 1146 1300 me·

119 1339 352 1445 -ditullium,
372 1361 409 1418 et
429 1368 474 1416 eo
494 1343 634 1440 majus,
656 1367 734 1440 quo
760 1342 860 1414 aucti
878 1359 985 1415 eraut
1006 1345 1144 1442 magis,

132 1462 257 1561 idque
267 1462 392 1551 molli,
403 1460 633 1558 humidaque
646 1460 723 1532 bile
735 1461 910 1558 plenum,
925 1458 1141 1551 offendisse3

134 1595 176 1654 et
193 1579 302 1678 quod
318 1581 585 1677 consequitur,
601 1603 680 1649 non
697 1577 885 1649 modicam
904 1579 1060 1654 interius
1072 1581 1144 1657 sin·

135 1697 317 1797 gulosum
341 1712 489 1795 partem
509 1722 554 1768 ex
577 1696 708 1768 stratis'
723 1696 796 1768 illis
813 1696 908 1769 adeo
931 1721 1010 1769 non
1033 1722 1144 1773 cous-

134 1829 243 1904 tare,
264 1831 307 1888 ut
326 1815 568 1912 quaerendum
584 1816 650 1904 sit,
671 1814 866 1913 quomodo
890 1840 959 1914 per
983 1815 1045 1889 illa
1063 1817 1142 1914 jam

133 1930 248 2005 firma
259 1938 379 2005 'strata
393 1956 586 2027 permeare
601 1932 688 2005 bilis
706 1934 913 2007 introrsum
926 1948 1048 2032 queat.
1060 1936 1142 2011 Alia

134 2074 296 2151 quoque
310 2050 518 2149 intelliges,
539 2076 621 2147 quae
640 2050 702 2121 hic
722 2052 894 2122 consulto
919 2054 1141 2150 pretermit-

132 2182 291 2257 matur,
306 2183 350 2241 ut
369 2183 461 2267 puta
477 2167 684 2243 cuboideos
701 2192 797 2265 quos
817 2193 888 2240 nos
906 2170 1061 2266 quidem
1081 2194 1140 2243 se-

131 2289 307 2385 ntimus,
325 2287 489 2362 calculos
504 2310 583 2356 non
597 2312 643 2358 ex
660 2288 824 2358 minimis
843 2287 922 2358 aliis
941 2286 1024 2360 fieri
1040 2289 1138 2385 ejus-

129 2403 388 2504 dem'figurae,
403 2404 490 2494 sed,
507 2418 551 2476 ut
569 2404 692 2476 caeteri
712 2403 759 2476 de
779 2403 916 2501 quibus
933 2405 1136 2503 loquimur,

126 2544 180 2597 -cx
197 2522 275 2596 bile
293 2524 416 2597 stratis
434 2524 710 2596 circumvestita
729 2522 920 2619 haec'saepe
936 2526 1039 2595 vario
1057 2549 1139 2599 esse

125 2640 235 2715 inter
261 2666 300 2714 se
322 2642 472 2730 colore,
489 2656 527 2712 et
545 2640 737 2712 interdum
754 2641 898 2712 alterne
918 2642 1045 2712 sario:
1065 2668 1136 2716 nec
1247 2739 1251 2746 η

131 2782 224 2831 raro
239 2757 402 2856 denique
421 2755 517 2830 facta
539 2758 709 2856 conspici
736 2783 782 2829 ex
799 2756 1079 2831 confertissimis
1091 2760 1136 2833 li·

126 2875 256 2948 neolis
275 2891 446 2948 centrum
458 2897 589 2947 versus
602 2873 930 2946 contendentibus.

182 2991 241 3066 23.
269 2995 344 3083 Qui
364 2993 589 3077 lineolarum
609 2991 745 3063 ductus
770 2985 971 3089 quemdam
999 2992 1136 3066 horum

130 3111 367 3191 calculorum
388 3125 615 3184 structuram
633 3134 737 3181 nune
753 3109 845 3179 mihi
857 3110 904 3181 ad
917 3113 1137 3185 memoriam

126 3243 300 3316 revocat,
315 3229 361 3301 ab
373 3255 417 3302 ea
428 3233 818 3328 quam'llentmannus
829 3233 1043 3327 proposuit,
1059 3230 1136 3304 dis-

129 3352 362 3445 crepantem.
375 3351 505 3445 Neque
519 3348 621 3420 enim
635 3347 756 3419 solum
768 3345 1047 3420 confertissimae
1060 3351 1135 3419 istae

129 3487 227 3561 quas
244 3465 359 3536 modo
386 3464 560 3536 dicebam
579 3465 618 3534 in
644 3465 801 3562 singulis
821 3466 944 3536 stratis
961 3465 1131 3549 lineolae,

170 3745 216 3827 (ι)
238 3749 299 3817 ΙΙΙ,
315 3748 443 3806 animad.
458 3748 506 3805 28.

169 3843 215 3924 (a)
237 3848 275 3902 N.
292 3855 340 3916 47.

168 3943 214 4025 (3)
238 3946 305 4002 Vid.
320 3965 409 4022 supra
422 3947 460 4004 ad
472 3967 502 4003 n.
520 3965 567 4002 ao.
