2580 4514
167 363 236 438 562
331 388 377 432 nn
404 384 550 432 sumnus
574 385 617 429 aa
643 384 768 433 causis
793 388 1007 439 nonaoauu

212 488 394 571 Thoracis
417 522 548 568 cavum
575 495 770 568 dexterum
798 525 901 598 aqua
926 503 1148 587 redundabat

165 623 210 688 In
226 615 360 688 eodem
377 615 508 712 pulmo
523 612 766 686 induruerat:
785 632 823 689 et
840 633 923 691 tota
942 646 986 697 ea
998 621 1152 722 facieque

164 732 407 831 diaphragma
427 745 463 801 et
487 755 559 826 qua
579 730 846 806 mediastinum
871 739 1091 835 spectabat,
1110 742 1155 817 his

162 849 384 922 adhaerebat.
403 853 447 918 In
464 847 675 944 pericardio
703 873 839 947 parum
870 870 940 926 aut
970 857 1069 936 nihil
1090 863 1154 937 seri

161 973 207 1039 In
224 966 401 1039 omnibus
414 968 526 1051 vasis,
545 965 656 1037 etiam
674 991 754 1063 quae
775 972 925 1047 suntin
942 976 1154 1067 visceribus,

160 1085 310 1182 sanguis
325 1080 472 1153 fluidus.

213 1226 265 1298 ¹7·
285 1204 360 1270 Cur
387 1199 425 1269 in
450 1196 545 1268 latus
563 1195 758 1270 dexterum
775 1198 838 1276 hic
851 1204 1008 1283 assidue
1024 1207 1153 1289 decan·

158 1318 283 1406 beret,
313 1317 433 1388 statim
460 1314 657 1414 intelligis,
683 1318 795 1389 simul
817 1344 861 1395 ae
894 1326 1044 1423 cogitas
1069 1354 1153 1428 aqua

158 1435 305 1534 copiam
318 1457 400 1530 quae
417 1434 456 1503 in
475 1431 608 1538 eodem
620 1448 699 1505 erat
713 1435 850 1525 latere,
869 1441 947 1513 nisi
962 1444 1007 1515 in
1023 1445 1095 1521 hoe
1107 1473 1152 1525 cu·

155 1537 283 1639 baret',
313 1548 425 1623 fuisse
450 1549 629 1637 alterum,
648 1551 752 1647 quod
773 1577 917 1629 sanum
944 1577 1046 1650 erat,
1075 1588 1150 1662 pm·

156 1683 400 1766 gravaturam.
420 1665 492 1738 Sed
509 1667 645 1739 mulier
657 1670 714 1761 (1)
726 1693 815 1744 eum
835 1695 856 1742 a
872 1673 1045 1755 sinistris
1065 1705 1148 1779 aqua

155 1786 300 1900 copiam
324 1782 501 1872 haberet,
533 1809 600 1856 cur
626 1787 671 1883 ‘in
694 1786 904 1861 sinistrum
935 1792 1147 1881 decumbere

151 1901 335 1973 latusnon
346 1915 492 1999 poterat
505 1902 666 1999 ?Nempe
678 1904 788 1975 etiam
802 1907 1044 2002 pulmonum
1054 1917 1145 1991 ratio

151 2043 238 2089 nem
255 2016 411 2106 habeas,
430 2042 581 2090 necesse
597 2033 670 2105 est,
682 2045 852 2116 quorum
875 2028 1036 2105 sinister
1054 2055 1146 2113 sautu

121 2226 125 2233 Ι
153 2151 231 2207 erat
249 2137 398 2207 mulieri
419 2135 549 2208 dexter
577 2161 655 2211 non
680 2161 793 2210 sanus
819 2141 1072 2223 adolescenti.
1093 2154 1144 2227 Vs·

149 2268 361 2324 rumtamen
377 2278 445 2324 cur
461 2253 596 2325 mulier
610 2254 748 2325 cubare
759 2257 799 2328 iu
814 2256 981 2337 dorsum
1000 2292 1077 2343 uon
1091 2291 1144 2366 po-

147 2371 279 2441 terat?
305 2372 363 2440 Sic
390 2372 489 2442 euim
515 2387 692 2445 neutrum
719 2373 816 2446 latus
840 2377 954 2453 alteri
977 2399 1044 2461 aut
1058 2408 1143 2482 aquo

147 2487 316 2584 pondere
341 2503 404 2561 aut
429 2489 527 2560 mole
542 2489 752 2586 pulmonis,
769 2491 1014 2592 phlegmone
1032 2499 1141 2579 tentati

146 2601 340 2675 offecisset.
357 2607 475 2675 Senex
486 2603 544 2702 (a)
554 2620 653 2679 certe
671 2631 757 2711 cum
777 2623 994 2710 utrumque
1010 2617 1141 2715 pulmo

32 2774 37 2786 ,
144 2745 232 2792 nem
253 2721 304 2792 sic
316 2720 485 2819 undique
507 2722 617 2793 simul
638 2723 850 2821 alligatum,
870 2729 990 2803 simul
999 2757 1098 2832 aqua
1109 2733 1138 2807 iu

20 2914 22 2919 ,
144 2839 392 2934 circumjectis
416 2839 622 2911 interstitiis
647 2840 802 2913 collecta
826 2847 1137 2947 circumpressuu

141 2955 320 3043 haberet3
342 2957 381 3025 in
404 2954 560 3028 dorsum
584 2980 662 3050 non
684 2957 799 3029 modo
816 2960 964 3041 cubare
985 2981 1135 3064 poterat,

141 3059 205 3144 sed
220 3071 389 3144 debebat.
414 3072 527 3143 Vides
547 3064 659 3172 igitur
677 3097 745 3149 cur
765 3074 975 3155 decubitus
993 3083 1133 3161 dixerim

140 3214 219 3260 non
235 3187 341 3262 facile
358 3189 546 3263 interdum
567 3215 675 3289 posse
691 3194 882 3292 explicari.
912 3203 1068 3280 Praestat
1080 3226 1133 3279 stt·

138 3320 213 3377 tem
227 3305 297 3376 hac
314 3304 361 3378 de
374 3331 415 3378 re
428 3333 506 3379 non
518 3308 625 3406 plura
636 3308 773 3384 iterum
790 3310 855 3385 hic
871 3317 996 3391 verba
1006 3319 1129 3407 facere.

137 3423 204 3496 sed
229 3422 405 3493 Valsalvae
435 3424 596 3522 reliquas
624 3425 913 3507 observationes
933 3436 1128 3534 subjicere.

135 3540 175 3613 in
206 3540 345 3639 quibus
374 3565 459 3626 cum
493 3541 664 3642 hydrope
697 3548 949 3644 conjunctam
982 3555 1127 3654 lymphz

170 3824 215 3903 (1)
234 3828 271 3882 a.
297 3823 341 3882 ιε.

169 3925 213 4004 (a
233 3928 270 3983 N·
288 3925 333 3982 1³·
379 4002 384 4012 .
