2580 4514
153 342 224 416 330'
318 369 363 413 nn
390 367 534 414 sumnus
560 369 604 413 ar
629 367 751 416 causis
776 358 991 421 nonnonori
1019 390 1022 395 ·

151 483 240 552 anni
261 481 369 578 1736,
387 497 587 551 anatomen
607 481 800 553 docebani.
818 483 1045 558 Abdominis
1055 512 1132 560 mus·

152 599 266 684 culis,
284 601 348 696 qui
365 598 435 669 laxi
454 610 578 686 erant,
595 599 740 687 incisis,
756 615 792 671 et
805 616 941 674 ventre
957 603 1057 674 unde
1071 629 1132 702 gra·

110 774 113 781 .
150 717 205 788 vis
223 716 401 788 existebat
422 712 541 803 odor,
569 713 780 813 patefact0,
811 718 889 790 vidi
907 721 1082 792 tenuium
1100 723 1135 792 in
1177 733 1179 819 ξ

150 811 371 907 ῖεέῐίηοωιη
403 859 481 904 non
514 834 700 904 modicam
732 849 875 932 partem
910 838 1024 910 altius
1058 840 1134 911 intra
1177 842 1179 853 '

149 955 260 1022 imam
278 952 415 1050 pelvim
430 976 468 1022 se
482 950 762 1041 demittentem,
780 967 821 1022 ut
833 952 879 1024 ad
891 957 1027 1026 vesicae
1037 980 1135 1054 usquc
1177 934 1179 941 Ι

149 1092 235 1139 cum
252 1084 356 1140 recto
376 1069 682 1164 conjunctionem
706 1072 940 1166 perveniret,
967 1069 1136 1171 quidquid

68 1272 72 1281 Ι
148 1186 200 1257 ibi
223 1188 331 1285 spatii
355 1201 409 1258 est
429 1187 634 1283 complens.
663 1187 734 1257 Sed
752 1187 834 1259 haec
860 1212 883 1257 a
910 1190 1136 1287 primordiis,

147 1318 209 1375 aut
228 1320 328 1375 certe
345 1329 424 1375 non
441 1305 614 1374 recentia.
642 1304 738 1375 Illud
761 1330 895 1379 recens
920 1306 1034 1404 quod
1057 1322 1094 1378 et
1108 1330 1136 1378 et

147 1436 183 1492 et
192 1437 331 1492 eaeterae
344 1423 607 1493 intestinorum
621 1423 792 1493 tenuium
811 1438 938 1520 partes
952 1423 1135 1495 nonnullis

148 1538 239 1610 locis
258 1539 364 1609 valde
389 1553 495 1609 erant
517 1554 626 1609 arctae
658 1538 874 1636 ibidemque
906 1536 1044 1630 suscae,
1065 1539 1135 1613 alibi

146 1669 270 1726 autem
290 1655 525 1744 rubicundae,
542 1656 601 1727 vel
626 1657 790 1728 minimis
803 1655 967 1730 vasculis
987 1683 1009 1728 a
1032 1681 1134 1732 remo·

145 1787 250 1843 rante
270 1775 450 1870 sanguine
474 1774 523 1844 ita
551 1773 740 1862 distentis,
768 1790 812 1846 ut
838 1777 870 1845 si
892 1774 1041 1848 rubens
1067 1799 1133 1848 cera

144 1886 273 1961 fuisset
292 1890 438 1985 injecta.
453 1893 528 1961 Nec
541 1915 662 1962 crassa
685 1892 861 1963 intestina
873 1893 986 1964 aliter
998 1892 1061 1964 hic
1074 1893 1132 1964 illic

43 2056 49 2075 1
145 2031 183 2077 se
201 2006 410 2095 habebant,
425 2010 628 2106 prasertim
641 2033 731 2080 vero
742 2009 788 2080 ad
800 2009 873 2080 coli
883 2009 1132 2081 initiumleci·

144 2125 246 2194 noris
268 2139 346 2196 erat
364 2124 518 2222 crepido
545 2123 732 2223 subnigra.
754 2127 846 2198 Lien
869 2150 983 2224 aequo
1013 2127 1128 2223 maJ'or.

142 2242 293 2312 Arteria
307 2266 446 2340 magnae
462 2259 615 2314 truncus
631 2268 710 2313 nou
731 2243 809 2314 sine
824 2242 1056 2340 quibusdam
1066 2266 1133 2343 par·

144 2360 199 2430 vis
216 2361 386 2432 ossiculis
406 2384 474 2459 per
490 2375 658 2432 ventrem
683 2359 882 2433 ferebatur.
904 2366 1007 2434 Cava
1024 2377 1135 2434 autem

142 2501 235 2547 vena
246 2477 365 2548 multo
379 2480 498 2574 nigre,
512 2477 704 2575 fluidoque
714 2480 894 2576 sanguine
904 2476 1044 2571 referta
1057 2493 1138 2552 erat.

196 2620 248 2667 11.
277 2600 360 2666 Non
378 2596 472 2667 adeo
492 2596 645 2692 quidem
662 2596 776 2668 breve
800 2598 961 2694 spatium
981 2595 1053 2670 fuit
1069 2619 1139 2695 quo

113 2714 404 2787 ..intestinorum
442 2711 685 2784 inflammatio
719 2714 948 2804 mulierem,
984 2713 1033 2785 de
1071 2736 1145 2812 qua

139 2833 307 2937 proxime
319 2833 527 2928 scripturus
540 2855 642 2917 sum,
658 2831 869 2901 interemit:
885 2829 1003 2904 breve
1016 2845 1137 2905 tamen

138 2946 222 3032 tuit,
242 2964 277 3020 et
307 2948 460 3020 fortasse
481 2948 631 3019 brevius
657 2974 768 3045 quam
797 2947 997 3036 videatur,
1016 2950 1048 3021 si
1066 2966 1150 3020 non·

36 3044 40 3057 ’
137 3079 212 3136 tam
227 3065 1137 3164 aegrotationis‚quaminflammationisconstaret

137 3185 296 3254 initium.
315 3183 424 3273 Quod
439 3183 508 3254 etsi
528 3185 651 3254 minus
665 3200 810 3255 certum
831 3198 906 3272 est,
925 3199 1053 3256 tamen
1071 3208 1133 3256 cae·

137 3314 215 3371 tera
240 3296 320 3397 qliae
345 3299 390 3369 de
412 3300 482 3370 hac
502 3298 639 3371 femina
664 3317 754 3372 nota
781 3300 932 3388 haheo,
952 3326 1032 3373 non
1053 3312 1132 3373 sunt

137 3416 230 3486 mihi
249 3418 587 3513 proetermittenda3
610 3420 750 3516 quippe
776 3418 970 3516 pollicito,
992 3415 1129 3491 cumde

138 3533 263 3604 cordis
280 3536 522 3631 palpitatione
539 3535 609 3632 (ι),
627 3551 662 3607 et
676 3536 722 3607 de
740 3535 910 3634 pulsibus
922 3535 1001 3633 (a),
1014 3538 1128 3607 imoet

130 3716 374 3729 ῄ-α-
418 3706 421 3714 ¹

170 3814 214 3892 (1)
235 3816 329 3889 Epist.
346 3817 399 3885 23,
419 3837 448 3870 n.
465 3834 512 3871 ar.

171 3915 214 3992 (α)
237 3916 331 3990 Epist.
348 3921 399 3988 al,
415 3936 443 3971 n.
461 3934 504 3973 12.
