2580 4514
229 382 303 469 634
396 406 441 450 na
467 397 616 450 sabinus
640 400 685 451 ur
708 401 835 450 causis
861 404 1088 452 noaaoann

230 519 348 593 ambre
364 516 560 614 hydatides
577 542 623 588 ex
637 532 744 614 parte
758 517 888 615 aliqua
908 520 1173 616 apparebant,
1196 544 1239 592 re

232 639 336 736 liqna
356 636 453 710 intra
473 635 592 733 hepar
615 634 794 723 condito,
811 661 932 734 parva
952 664 1039 710 una
1061 638 1165 710 haud
1184 663 1241 710 mo

236 756 320 833 dica
335 754 450 826 altera
465 753 530 848 (ι).
563 754 622 824 Sic
648 753 776 851 plures
796 757 836 824 in
867 757 948 832 suis
972 756 1080 830 liene
1098 755 1242 827 animad

234 871 628 975 aerti,instpidae,aut
641 872 771 945 leviter
782 871 987 948 subdulcis
1006 902 1118 974 aquae
1127 876 1242 974 plenas

234 992 354 1067 sicin
371 990 524 1062 alterius
538 987 708 1086 jecinore
727 990 829 1062 baud
847 995 994 1090 procul
1013 1020 1036 1064 a
1057 993 1245 1092 crepidine,

237 1126 352 1182 unam
374 1110 491 1185 cerasi
516 1109 788 1206 magnitudine.
809 1111 882 1182 Sed
907 1113 949 1182 in
974 1112 1058 1184 alio
1079 1113 1243 1211 magnitu

236 1227 328 1298 dine
345 1228 471 1320 varia,
488 1251 650 1299 numero
668 1228 829 1326 ingenti,
853 1253 932 1300 nec
958 1246 1147 1316 tantum,
1171 1229 1245 1300 utin

203 1382 206 1387 ·
239 1345 451 1444 prioribus,
474 1346 753 1443 semisepultas,
780 1346 846 1418 sed
877 1363 919 1419 et
934 1348 1090 1446 plures
1116 1349 1245 1420 omnino
1286 1348 1288 1357 '

234 1465 342 1535 intus
361 1463 554 1539 conditas:
571 1466 741 1535 omnium
760 1489 856 1562 aqua
870 1466 1093 1552 crassiore,
1110 1465 1245 1560 alboque
1286 1486 1288 1499 ·

238 1580 410 1654 folliculo
428 1581 835 1679 comprehendebatur.
849 1582 975 1654 Valde
997 1583 1244 1682 amplificatur

241 1718 321 1773 erat
339 1701 375 1771 id
390 1700 766 1798 jectir,mssiusqrie
787 1700 975 1787 habebat,
999 1727 1134 1801 eoque
1154 1699 1245 1773 midtt

243 1844 358 1918 quam
377 1819 514 1904 soleat,
533 1814 649 1917 magis
666 1820 704 1888 in
720 1819 853 1890 oculos
872 1819 933 1890 vel
954 1822 1099 1894 minus
1116 1831 1247 1892 attentos

244 1936 445 2007 incurrens
455 1935 623 2007 albidum
634 1954 713 2010 rete
724 1962 801 2034 quo
817 1936 942 2009 lobuli
956 1940 1247 2038 intercipiuntur,
1286 1963 1288 1973 ·

245 2054 321 2127 sive
340 2069 462 2143 extra,
476 2056 552 2128 sive
570 2057 673 2128 intus
688 2071 887 2154 spectares.
910 2057 958 2126 Hi
966 2060 1081 2143 sani,
1095 2074 1139 2133 ut
1149 2071 1248 2127 caten

246 2175 404 2261 viscera,
417 2198 497 2245 esse
510 2173 747 2246 videbantur:
760 2174 827 2246 sed
839 2176 968 2271 cystis,
982 2191 1183 2248 contracta
1195 2172 1250 2272 plu·

246 2291 648 2390 rimumprolellenon
659 2292 792 2364 multas
802 2292 1034 2365 continebat
1044 2288 1250 2393 guttasmuci

248 2411 443 2508 cujusdam
464 2412 571 2483 nullo
591 2408 668 2484 fere
684 2410 980 2508 colompraedjti
991 2465 1002 2500 ,
1015 2428 1062 2484 ut
1076 2414 1179 2489 illum
1189 2408 1250 2482 bilis

248 2530 471 2600 albicantem
491 2528 769 2628 propemodum
795 2526 963 2599 costarem
983 2529 1249 2602 in'mernoriau

246 2647 434 2747 redigeret
447 2672 560 2744 quern
575 2646 740 2718 Vesalius
753 2646 807 2742 (a)
819 2669 857 2717 se
868 2644 1014 2719 vidisse
1028 2663 1188 2721 testatus
1198 2658 1249 2726 est,
1286 2740 1288 2745 Ι

248 2783 448 2864 antequam
457 2763 824 2853 Diemerbroeclrius,
838 2777 876 2834 et
885 2778 978 2860 post
995 2766 1127 2864 ipsum
1140 2761 1249 2860 aliiqui
1286 2756 1288 2771 '

248 2887 388 2985 pari-ter
406 2886 445 2954 in
472 2882 721 2981 Sepulchreto
742 2881 969 2970 laudantur,
997 2884 1146 2982 aliique
1170 2883 1250 2954 dein·

251 3027 339 3100 ceps
355 3001 578 3088 candidam,
610 3000 878 3087 lactescentem,
901 2997 1075 3073 lacteam
1101 3028 1173 3101 pro
1199 2999 1250 3071 bile

249 3120 453 3192 humorem
471 3121 746 3217 conspicerent.
767 3118 910 3190 verum·
932 3142 984 3191 ne
1005 3120 1059 3191 ab
1077 3123 1124 3193 iis
1137 3121 1183 3193 de
1196 3119 1252 3217 qui·

252 3239 324 3309 bus
345 3239 558 3336 loquimur,
576 3238 684 3309 lienis
711 3251 747 3308 et
772 3235 919 3333 hepatis
943 3235 1197 3334 hydatidibus
1212 3259 1251 3306 re

253 3359 448 3444 cedamus;
461 3356 506 3426 ad
517 3357 681 3454 ipsarum
694 3378 812 3452 genus
829 3368 1007 3452 spec—tare
1023 3354 1183 3430 fortasse
1195 3377 1251 3426 cre

107 3463 112 3471 ¹
140 3472 143 3476 ’
253 3477 339 3564 des,
357 3499 449 3573 quas
465 3476 504 3544 in
519 3472 740 3544 horninibus
751 3469 1061 3548 Hunerwolffius
1075 3477 1130 3574 (3)
1141 3471 1251 3547 deseri·

297 3775 339 3857 (ι)
360 3775 429 3834 Vid.
442 3776 537 3851 Epist.
553 3774 611 3846 65,
626 3795 656 3830 n.
670 3774 688 3829 8
704 3775 736 3830 in
748 3709 826 3830 fini?

296 3878 339 3953 (a)
361 3880 462 3933 Eram.
478 3877 542 3933 obs.
559 3876 673 3950 Fallop.
695 3880 699 3893 '

297 3976 339 4055 (3)
362 3973 516 4056 Sepulchr.
530 3977 596 4034 obs.
613 3984 646 4048 4,
660 3975 709 4033 cit.
725 3977 740 4043 §
775 3981 803 4041 4.
