2580 4514
139 91 209 163 216
296 114 342 160 ru
369 112 520 161 sumnus
539 115 583 161 ur
608 113 732 163 crusis
758 114 968 163 nonnonun
1053 126 1062 145 ·
1162 103 1174 145 '2

136 230 177 299 ni
189 242 436 325 praeterquam
446 228 490 298 iis
501 252 571 324 pro
582 226 817 325 quibussunt
826 227 980 299 illorum
990 229 1116 327 copiam

138 343 233 415 facio
248 348 268 433 3'
291 342 338 415 ab
356 344 474 441 iisque
495 345 652 415 exierint
669 370 819 417 necesse
832 361 907 435 est,
924 370 1008 443 quae
1031 361 1064 419 te
1078 346 1120 419 Ie·

139 465 234 561 gisse
254 462 415 561 plurima
431 462 561 534 scribis
581 488 750 533 meorum
766 464 1013 535 consiliorum
1024 490 1127 535 exem·

138 579 224 678 pla;
241 582 313 651 nisi
331 578 426 651 forte
446 580 634 677 quaedam,
649 580 743 650 sicut
758 565 950 652 ihterdum
962 580 1123 653 accidisse

138 699 335 794 perspexi,
356 697 449 766 mihi
477 713 615 767 temere
634 721 653 766 a
676 695 978 771 describentibus
1001 722 1125 795 suppo·

141 817 209 887 sita
232 815 313 885 sint.
332 817 557 911 Quanquam
580 829 704 885 autem
722 839 846 911 neque
864 814 938 885 boc
955 816 1126 912 satispro·

139 931 338 1027 hemquod
357 931 418 1002 hie
433 931 610 1019 habebis,
632 933 708 1001 imo
729 931 831 1002 aliud
843 932 1001 1029 aliquod
1022 932 1128 1003 libeu-

139 1052 214 1122 tius
227 1048 376 1121 fuissem
397 1053 596 1135 missurus;
618 1048 691 1120 hoc
709 1066 856 1138 tamen,
876 1050 907 1120 si
928 1075 1010 1121 non
1025 1051 1129 1122 inser-

139 1171 218 1239 vire
233 1171 393 1265 poterit,
410 1182 451 1237 ut
472 1192 552 1262 quae
568 1166 722 1237 consilia
735 1167 865 1240 reverit
887 1169 962 1239 sint
974 1192 996 1238 a
1010 1194 1069 1242 me
1086 1170 1131 1238 in·

140 1301 354 1370 ternoscas,
380 1283 562 1354 indicabit
580 1284 707 1355 saltem
730 1285 929 1381 plerasque
948 1311 993 1357 ex
1020 1288 1066 1359 iis
1084 1312 1132 1357 re·

141 1403 212 1473 bus
239 1426 332 1499 quas
357 1401 402 1470 de
428 1399 502 1471 boc
528 1400 663 1471 morbo
690 1401 824 1472 vellem
851 1402 898 1473 ab
924 1405 1132 1475 anatomicis

142 1518 254 1591 fuisse
274 1520 452 1617 quaesitas.
476 1521 663 1617 Scriptum
678 1535 756 1591 erat
770 1521 885 1617 igitur
897 1521 936 1590 iu
950 1521 1051 1592 hanc
1063 1545 1132 1593 sen·

141 1638 308 1707 tentiam.

194 1781 226 1825 2.
254 1756 404 1824 Utinam
433 1770 614 1851 quantum
648 1753 799 1826 evidens
826 1755 983 1826 morbus
1014 1771 1085 1842 est,
1105 1769 1134 1824 et

145 1901 255 1948 causa
276 1903 358 1973 quae
379 1877 557 1947 morbum
576 1876 676 1947 auxit
692 1877 864 1974 generosi
880 1892 916 1947 et
940 1875 1134 1948 doctissimi

143 1996 236 2095 viri,
254 2010 400 2065 tantum
427 1995 520 2064 mihi
537 2010 634 2064 notae
653 2009 776 2065 essent
795 1995 951 2065 internae
971 2015 1135 2080 causeum

145 2112 283 2210 quibus
301 2112 408 2182 initio
428 2112 489 2181 ille
513 2128 566 2182 est
587 2111 721 2197 factus,
746 2127 783 2183 et
810 2136 831 2182 a
856 2111 996 2207 quibus
1024 2112 1137 2183 adhuc

145 2245 332 2316 servatur,
352 2245 388 2301 et
399 2230 501 2327 quod
515 2230 635 2302 multo
646 2231 731 2328 plus
743 2231 915 2317 interest,
934 2254 1018 2326 quae
1034 2230 1138 2327 magis

144 2345 315 2420 efficaces
349 2349 513 2419 rationes
543 2350 616 2419 sint
647 2347 816 2443 ejusdem
843 2318 941 2418 bene
979 2342 1138 2418 curandi.

143 2464 302 2537 Morbus
332 2465 483 2562 quidem
518 2466 716 2562 prolapsus
749 2481 803 2536 est
833 2466 927 2535 recti
957 2463 1139 2536 intestini:

93 2670 96 2675 ,
144 2609 252 2656 causa
270 2601 393 2654 autem
420 2608 495 2680 qua
524 2599 653 2654 auctus
673 2599 746 2670 est,
774 2583 880 2653 nimii
907 2606 949 2651 ac
976 2580 1139 2654 diuturni

144 2703 321 2799 egerendi
339 2715 505 2773 conatus.
528 2700 598 2771 Sed
620 2725 697 2798 quo
718 2699 764 2771 ab
788 2699 848 2771 his
873 2699 991 2769 modo
1019 2716 1141 2772 auctus

143 2816 274 2905 fuerit,
292 2819 417 2905 unde,
438 2833 475 2888 et
494 2817 597 2913 quod
621 2819 769 2889 initium
792 2816 992 2905 habuerit,
1011 2833 1050 2888 et
1069 2817 1142 2915 qui·

142 2935 215 3007 bus
233 2962 252 3007 a
268 2938 387 3008 causis
403 2935 527 3006 adbuc
550 2951 733 3022 servetur,
753 2936 849 3021 sive,
866 2949 907 3004 ut
935 2934 1142 3031 loquuntur

143 3049 297 3136 medici,
322 3055 581 3138 continentum
605 3052 682 3124 baec
704 3078 792 3123 vero
821 3053 949 3122 omnia
972 3053 1014 3123 in
1043 3067 1142 3124 tanto

143 3173 349 3268 praesertim
368 3186 582 3267 temporum
600 3186 636 3241 et
648 3170 819 3253 locorum
839 3170 1040 3241 intervallo
1055 3169 1142 3240 mibi

142 3287 325 3383 subjicere
351 3303 405 3358 est
427 3285 710 3370 difficillirrrum,
736 3289 830 3359 scire
860 3303 986 3359 autem
1010 3311 1141 3385 prope·

142 3407 297 3476 modum
318 3407 367 3474 im
373 3405 560 3501 possibile.
573 3405 683 3496 Quod
697 3407 726 3476 si
740 3407 823 3501 quis
836 3418 930 3476 esset
943 3406 1011 3501 qui
1022 3428 1140 3502 symp·

141 3538 282 3594 tomata
309 3537 345 3593 et
375 3523 488 3592 crises
508 3523 707 3595 observare
737 3525 917 3620 potuisset
944 3522 1141 3620 pertinacis

47 3686 56 3711 ,
140 3640 241 3717 illius
278 3638 518 3735 molestaeque
544 3640 678 3730 febris,
707 3642 767 3711 cui
793 3640 968 3713 successit
995 3641 1141 3713 initium
