2580 4514
226 383 272 454 30
394 404 442 449 or
469 399 614 448 sentens
639 401 683 446 nr
708 400 831 448 causis
857 401 1065 447 nonnonuu

225 521 392 614 itemque
405 540 425 585 a
438 514 572 586 luxatis
586 514 749 610 laryngis
757 513 1055 610 cartilaginibus,
1066 530 1109 585 ut
1117 521 1233 587 Boer-

226 636 381 707 haavius
410 632 488 730 (ι)
512 629 640 727 scribit
670 657 715 702 ex
742 630 1005 703 observatione
1032 636 1232 730 Cowperi,

223 750 403 849 ‘thyroide
419 764 513 847 puto
533 773 553 816 a
571 748 733 819 cricoide
755 748 912 837 dimota;
928 772 1015 819 nam
1033 748 1175 821 librum
1190 753 1232 821 in

227 895 305 968 quo
323 865 578 966 Cowperusid
592 865 743 954 deceat,
755 868 795 936 in
808 866 984 941 manibus
998 893 1077 938 non
1091 867 1233 956 habco;

227 1012 410 1085 quorsum
432 985 562 1055 anilla
583 984 797 1081 pertineant
822 1009 905 1081 quae
924 985 1046 1084 legere
1067 1000 1174 1082 potes
1192 988 1232 1056 in

226 1108 319 1179 actis
336 1109 507 1177 Caesareae
526 1101 724 1175 academiae
735 1101 803 1198 (a),
817 1102 1024 1200 cogitabis,
1041 1118 1078 1174 at
1096 1104 1234 1176 modus

226 1236 354 1294 tamen
378 1221 583 1293 curationis
608 1219 653 1291 ad
676 1219 855 1291 Valsalvae
885 1219 1042 1290 modum
1067 1222 1153 1309 satis
1172 1245 1233 1290 ac·

226 1339 335 1411 cedit.
363 1344 422 1409 De
442 1337 702 1409 musculorum
727 1352 852 1408 autem
869 1390 879 1424 ,
896 1336 957 1407 vel
981 1339 1098 1435 ipsius
1121 1341 1232 1410 etiam

226 1455 411 1552 oesophagi
435 1453 680 1524 convulsione
711 1469 775 1525 aut
799 1453 958 1550 paralysi
991 1454 1088 1525 nihil
1115 1453 1234 1527 ferme

227 1576 359 1644 attinet
380 1572 526 1658 dicere,
542 1568 696 1667 quando
717 1574 846 1666 primae
867 1571 1038 1668 exempla
1061 1573 1101 1643 in
1118 1572 1233 1646 histe-

226 1691 314 1762 rieis
335 1714 498 1787 persaepe
526 1702 762 1775 occurrunt,
794 1687 908 1785 hujus
932 1705 1057 1761 antem
1082 1694 1235 1764 rarioris

228 1807 403 1905 quidem,
426 1806 516 1894 sed,
539 1822 582 1877 ut
607 1805 815 1903 paralyticae
843 1803 1062 1880 affectiones
1088 1808 1233 1898 solent,

226 1925 339 2023 longe
365 1924 612 1995 diuturnioris
640 1922 921 1996 observationes
944 1923 1047 2001 haud
1070 1925 1233 2014 desunt,

227 2044 333 2140 aegris
358 2057 557 2140 propterea
583 2056 661 2113 ant.
678 2037 773 2110 fame
798 2039 1029 2141 absumptis,
1057 2057 1100 2112 ut
1129 2043 1234 2141 apud

226 2160 425 2232 Willisium
437 2158 508 2255 (3),
524 2157 772 2229 Helwichium
784 2160 854 2258 (4),
869 2159 960 2230 alios
979 2159 1105 2230 videre
1125 2161 1232 2249 licet,

228 2292 292 2350 aut
308 2301 584 2374 nonnunquam
610 2300 679 2374 per
707 2276 903 2362 alimenta,
923 2276 1129 2375 chirurgici
1154 2281 1233 2350 ius-

227 2395 408 2469 trumenti
427 2418 499 2492 ope
522 2396 562 2464 in
581 2393 835 2469 ventriculum
858 2394 1072 2491 compulsa,
1092 2394 1235 2468 duode-

227 2515 317 2601 cim,
337 2528 402 2584 aut
425 2511 712 2609 quatuordecim
738 2534 910 2605 menses,
935 2512 1024 2584 alias
1045 2513 1234 2588 sexdecim

106 2650 110 2661 ’
227 2631 329 2729 ipsos
353 2655 475 2702 annos
501 2630 676 2717 servatis,
700 2629 918 2725 cujusmodi
944 2655 1098 2702 casuum
1128 2631 1234 2703 hunc

227 2747 343 2819 habet
358 2747 459 2820 idem
481 2739 658 2819 Willisius
683 2746 937 2820 Pharmaceut.
959 2747 1104 2822 Ration.
1124 2765 1233 2846 parte

228 2864 382 2965 quidem
399 2871 435 2952 l,
451 2866 618 2937 sectione
636 2889 726 2935 vero
739 2892 789 2969 .²⁹
807 2890 887 2965 cap.
909 2892 944 2953 1,
963 2891 1041 2936 uon
1060 2881 1102 2939 ut
1115 2878 1173 2938 est
1193 2868 1233 2938 in

227 2981 474 3080 Sepulchreto
494 2981 587 3079 (5),
613 2987 707 3053 Sect.
734 2981 773 3068 3,
795 3007 875 3080 cap.
898 2983 938 3071 3,
958 2983 1064 3055 illum
1085 2999 1233 3072 etitem,

227 3115 360 3172 natura
377 3099 508 3170 eadem
528 3101 703 3175 vincente
719 3099 914 3189 morbum,
931 3099 1048 3173 Jobus
1063 3105 1233 3173 Basterus
