2580 4514
153 377 224 425 ur.
251 372 307 422 111.
335 373 383 419 nr
408 369 543 417 uonms
566 369 735 434 vrvrnrs,
759 370 870 419 rrrsr.
896 374 1003 421 xxxv.
1031 350 1102 425 353

118 496 192 568 lias
206 487 280 587 (ι),
301 485 350 557 ad
361 499 396 557 te
411 482 631 569 scribentes,
644 483 821 582 sphacelo
835 487 1103 562 intestinorum

118 622 241 687 actum
271 604 526 701 conjecimus,
546 617 587 673 ut
603 605 802 700 postremis
823 603 1041 701 dysenteriae
1069 624 1106 682 et

118 720 435 809 itaediebus,visa
453 722 499 791 sit
515 718 719 817 aliquando
730 720 809 825 ipsa
827 722 1105 820 quoquefebris

118 845 260 931 tbiisse,
276 839 391 911 iubis
409 852 534 909 autem
556 836 631 934 (a),
646 852 682 909 ct
700 841 959 935 superioribus
974 842 1032 941 (3)
1048 845 1108 917 lit·

118 960 202 1035 teris
222 959 324 1031 uude
344 971 459 1044 esset,
479 954 625 1059 etquid
643 955 888 1054 portenderet
908 960 949 1029 in
969 963 1109 1035 ventris

119 1078 322 1166 doloribus,
342 1075 480 1145 borum
497 1073 704 1144 aliorumve
719 1091 1013 1171 symptomatum
1029 1103 1108 1153 non

126 1198 265 1268 cessatio
287 1192 424 1282 mod0,
439 1189 505 1263 sed
520 1205 558 1263 et
572 1191 741 1262 remissio
756 1217 838 1289 quae
854 1209 990 1293 praeter
1003 1201 1111 1269 ratio

128 1336 206 1383 nem
219 1313 427 1399 accidisset,
442 1306 685 1399 ostendimus.
705 1311 801 1380 Cave
816 1325 941 1384 tamen
951 1314 1114 1388 vicissim

129 1431 261 1523 credas,
278 1433 318 1502 in
336 1426 476 1528 quibus
495 1424 697 1523 sphacelus
715 1426 980 1501 intestinorum
994 1433 1056 1522 sit,
1073 1435 1114 1504 in

130 1546 176 1616 iis
187 1570 320 1649 semper
333 1546 485 1618 dolores
498 1542 661 1632 cessare,
676 1542 832 1618 edoctus
845 1546 1118 1622 adolescentuli

135 1657 271 1738 historia
297 1663 373 1763 (A),
396 1662 462 1760 qui
491 1685 577 1731 cum
610 1659 759 1731 ultimas
790 1663 1007 1759 quindecim
1033 1667 1116 1739 vitae

132 1774 229 1853 horas
257 1781 305 1854 ob
334 1783 500 1851 immane
530 1776 707 1855 dolorum
732 1793 963 1880 tormentum
977 1786 1118 1884 jugiter

137 1890 276 1974 clamare
296 1914 449 1972 coactus
466 1910 582 1984 esset;
600 1909 728 1966 tamen
747 1898 1012 1972 intestinorum
1031 1928 1117 2002 par·

136 2023 202 2082 tem
218 2019 332 2090 multo
353 2017 552 2088 maximam
569 2028 645 2087 tam
664 2014 811 2110 nigram
828 2015 985 2109 habuit,
1003 2045 1116 2117 quam

139 2128 196 2223 qui
209 2136 451 2234 nigerrimam.
472 2132 618 2204 Scilicet
634 2129 816 2228 reliquam
833 2134 1017 2232 integram
1035 2137 1120 2209 hac-

140 2258 230 2324 teuus
245 2267 392 2353 partem
419 2253 563 2323 interea
586 2263 709 2348 potest
728 2264 791 2320 aut
810 2251 889 2322 dira
910 2253 1119 2327 inflamma-

141 2358 195 2455 lio,
205 2387 263 2444 aut
280 2394 392 2444 causa
411 2368 481 2440 alia
498 2366 622 2466 aliqua
636 2381 837 2464 torquere,
858 2386 901 2442 ut
917 2387 1008 2468 puta
1026 2398 1118 2445 con·
1228 2409 1231 2415 ·

142 2482 264 2579 vulsie,
296 2502 389 2577 aut,
423 2483 529 2584 quod
561 2487 602 2554 in
638 2509 683 2555 eo
724 2484 1037 2593 adolescentulo,
1078 2495 1121 2565 in

141 2594 271 2707 filisque
288 2603 354 2704 (5)
374 2603 560 2701 ejusmodi
578 2601 715 2674 morbo
737 2602 994 2680 laborantibus
1017 2608 1121 2680 haud

138 2735 205 2795 tam
222 2722 524 2811 observavimus,
543 2722 809 2795 intestinorum
823 2722 1010 2796 lumbrici.
1020 2728 1121 2798 Num

135 2850 209 2912 tero
234 2839 392 2913 fortuito
416 2839 618 2927 acciderit,
658 2865 706 2912 an
742 2841 847 2938 quod
874 2839 960 2912 bilis
988 2843 1120 2914 vitium

124 2968 239 3050 pravae
258 2959 522 3055 imitantesque
538 2940 640 3054 chyli
653 2957 817 3054 reliquiae
828 2974 1121 3056 consequantur,

122 3088 161 3150 ur
184 3078 226 3149 in
257 3073 510 3174 quorumdam
539 3100 585 3165 ex
613 3074 687 3147 illis
705 3076 798 3171 cysti
827 3071 934 3147 fellea
961 3077 1123 3152 calculos
