2580 4514
63 398 65 402 ’
139 401 208 477 358
302 424 347 470 un
374 423 520 470 scurrus
546 423 589 469 nr
615 423 738 471 causis
764 423 976 472 norinorum

136 536 328 611 terminos.
349 540 521 626 Quorum
538 552 716 607 neutrum
732 537 909 634 ignorare
929 537 1081 625 medici,
1099 552 1127 609 et

137 656 305 751 chirurgi
323 654 481 741 debent,
501 680 548 725 ne
562 654 610 725 ab
626 679 670 725 eo
692 653 795 751 quod
822 655 1050 753 plerumque
1066 671 1129 741 est,

138 773 332 845 nonnullis
352 774 390 842 in
411 772 558 844 casibus
573 772 819 870 decipiantur.
834 772 908 844 Sed
925 772 995 845 ubi
1008 797 1128 873 sanum

134 896 240 989 jecur
260 890 394 979 fuerit,
412 891 617 988 suspicioni
629 905 777 961 tanturn
795 905 851 962 est
864 891 992 976 locus,
1006 905 1131 989 utputa

139 1016 169 1082 si
202 1027 292 1081 tunc
324 1007 419 1080 forte
452 1007 636 1079 inflictum
670 1009 820 1080 sinistro
852 1006 1131 1106 hypochondrio

140 1130 278 1200 vulnus
298 1152 384 1198 cum
407 1127 488 1198 aliis
507 1127 554 1197 sit
569 1127 816 1222 conjunctum
833 1125 1133 1226 symptomatibus

138 1271 251 1344 quam
266 1271 347 1343 quae
360 1245 567 1316 visceribus
577 1245 716 1333 solent,
729 1270 811 1341 quae
820 1243 872 1316 ibi
885 1270 1023 1318 omnes
1034 1245 1133 1316 locari

70 1454 73 1466 ,
139 1367 282 1453 sciunt,
301 1364 517 1434 vulneratis.
539 1366 633 1434 Cum
649 1364 1034 1461 veroaegrijecinoris
1046 1364 1133 1460 signa

139 1509 218 1554 non
234 1482 394 1568 desunt,
420 1496 462 1552 nt
487 1484 527 1550 in
545 1482 741 1580 proposita
762 1481 921 1552 muliere
945 1479 1134 1552 flavescens

139 1600 263 1687 color,
270 1613 312 1693 fit
325 1598 480 1670 durities
497 1624 542 1670 ex
554 1598 848 1696 hypochondrio
860 1599 1053 1696 incipiens
1064 1597 1136 1668 dex·

139 1733 245 1802 terr),
265 1716 390 1787 minus
401 1714 554 1787 difficile
573 1730 663 1788 tunc
679 1731 734 1787 est
747 1716 839 1786 illuc
854 1739 1015 1813 quoque
1026 1730 1136 1787 exten·

141 1858 223 1904 sum
242 1835 354 1928 jecur
379 1858 605 1931 agnoscere,
625 1858 703 1930 quo
730 1857 768 1904 se
781 1831 913 1904 eadem
933 1833 1136 1904 continuata

141 1950 297 2021 durities
324 1951 499 2021 extendit.
528 1954 627 2021 Num
652 1951 808 2021 veroin
836 1948 1000 2023 muliere
1020 1950 1135 2034 altera,

141 2068 248 2162 cujus
262 2066 418 2139 historia
431 2068 623 2165 sequitur,
643 2066 786 2140 doloris
802 2121 811 2156 ,
829 2067 860 2139 si
874 2091 996 2141 manu
1005 2089 1136 2166 preme·

139 2209 217 2274 res,
238 2188 470 2258 continuatio
488 2211 533 2257 eo
553 2211 673 2283 usque
702 2184 947 2274 ascenderet,
981 2200 1026 2256 ut
1052 2183 1134 2255 idem

140 2302 314 2392 doceret,
332 2307 418 2375 c'um
438 2304 607 2376 Valsalva
622 2304 690 2401 qui
704 2318 795 2373 tuuc
811 2303 944 2399 junior
956 2301 1135 2374 observata

140 2421 178 2490 in
198 2422 346 2492 vivente
363 2423 527 2519 pressius
541 2420 707 2519 scripsit,
724 2419 762 2491 id
775 2420 989 2506 reticuerit,
1008 2416 1136 2492 anobis

142 2539 278 2634 conjici
299 2541 417 2637 magis
436 2554 580 2637 potest,
603 2564 716 2634 quam
736 2535 926 2610 affirmari.

102 2668 107 2677 '
190 2663 223 2744 Δ.
252 2660 496 2755 sexagenaria
512 2657 648 2728 mulier
667 2655 733 2726 diu
753 2656 928 2753 queritur
942 2654 992 2726 de
1020 2655 1135 2727 dolore

143 2797 256 2874 supra
288 2775 543 2848 umbilicalem
569 2775 791 2872 regionem:
813 2774 904 2862 sitit,
930 2774 1065 2862 tussit,
1086 2796 1135 2843 cx·

144 2895 244 2992 spuit
271 2894 518 2965 catarrhalem
544 2893 748 2964 materiam.
779 2896 976 2963 Postremo
999 2888 1134 2964 difficile

143 3013 321 3109 respirat:
337 3012 541 3110 paucisque
553 3025 640 3082 ante
650 3005 812 3082 mortem
821 3007 977 3095 diebus,
994 3019 1133 3108 repente

142 3128 304 3199 multum
318 3131 535 3201 intumescit
551 3145 698 3217 venter,
712 3127 895 3200 oedemate
909 3127 1030 3226 pedes
1042 3148 1133 3200 occu·

143 3259 293 3342 paritur.
313 3246 499 3336 Tandem,
527 3250 663 3319 sensim
687 3247 752 3317 illo
769 3245 970 3317 deficiente
992 3245 1133 3326 dolore,

141 3359 184 3432 fit
200 3362 350 3434 vivendi
371 3361 465 3436 finis.
490 3369 535 3435 In
555 3380 685 3437 ventre
703 3388 839 3461 magna
857 3362 1026 3462 limpidae
1046 3382 1132 3461 aqua

142 3481 260 3576 copia:
271 3481 417 3551 nullum
430 3506 600 3552 vasorum
611 3470 930 3580 lymphaticorum
937 3482 1129 3582 vestigium·

141 3600 233 3668 Lien
260 3601 422 3671 naturali
449 3600 565 3697 duplo
591 3602 722 3696 major.
746 3606 870 3699 Hepar
895 3599 1062 3671 durum:
1086 3593 1131 3670 cui

142 3739 287 3787 annexa
312 3715 406 3786 fellis
425 3718 585 3789 vesicula
604 3719 714 3816 plena
741 3733 821 3796 erat
838 3717 992 3791 calculis
1009 3718 1129 3813 laeviga·

141 3834 197 3904 tis.
224 3834 303 3904 Alia
330 3849 455 3904 autern
482 3835 520 3905 in
543 3851 649 3934 parte
675 3836 928 3909 vesicularum
954 3833 1128 3935 congeries

141 3947 267 4047 hepati
287 3951 472 4027 inhaerens
490 3955 745 4046 cernebatur,
770 3953 914 4053 quibus
946 3952 1103 4031 laceratis
1120 3997 1136 4032 μ.
