<?xml version="1.0" encoding="UTF-8"?>
<!DOCTYPE html PUBLIC "-//W3C//DTD XHTML 1.0 Transitional//EN"
    "http://www.w3.org/TR/xhtml1/DTD/xhtml1-transitional.dtd">
<html xmlns="http://www.w3.org/1999/xhtml" xml:lang="en" lang="en">
 <head>
  <title>
</title>
<meta http-equiv="Content-Type" content="text/html;charset=utf-8" />
  <meta name='ocr-system' content='tesseract 3.04.00' />
  <meta name='ocr-capabilities' content='ocr_page ocr_carea ocr_par ocr_line ocrx_word'/>
</head>
<body>
  <div class='ocr_page' id='page_1' title='image "./desedibusetcaus00adelgoog_0133.png"; bbox 0 0 2580 4514; ppageno 0'>
   <div class='ocr_carea' id='block_1_1' title="bbox 146 351 980 423">
    <p class='ocr_par' dir='ltr' id='par_1_1' title="bbox 146 351 980 423">
     <span class='ocr_line' id='line_1_1' title="bbox 146 351 980 423; baseline -0.006 0"><span class='ocrx_word' id='word_1_1' title='bbox 146 351 213 423; x_wconf 79' lang='lat'><strong>128</strong></span> <span class='ocrx_word' id='word_1_2' title='bbox 309 370 355 417; x_wconf 83' lang='lat' dir='ltr'><strong>mr</strong></span> <span class='ocrx_word' id='word_1_3' title='bbox 381 370 527 419; x_wconf 82' lang='lat' dir='ltr'><strong>srnrrus</strong></span> <span class='ocrx_word' id='word_1_4' title='bbox 551 370 596 416; x_wconf 82' lang='lat' dir='ltr'><strong>ar</strong></span> <span class='ocrx_word' id='word_1_5' title='bbox 620 368 744 416; x_wconf 81' lang='lat' dir='ltr'><strong>causis</strong></span> <span class='ocrx_word' id='word_1_6' title='bbox 768 367 980 418; x_wconf 79' lang='lat' dir='ltr'><strong>noarouon</strong></span> 
     </span>
    </p>
   </div>
   <div class='ocr_carea' id='block_1_2' title="bbox 77 481 1182 3766">
    <p class='ocr_par' dir='ltr' id='par_1_2' title="bbox 77 481 1182 3766">
     <span class='ocr_line' id='line_1_2' title="bbox 139 481 1150 583; baseline -0.002 -26"><span class='ocrx_word' id='word_1_7' title='bbox 139 487 182 558; x_wconf 86' lang='lat' dir='ltr'><strong>id</strong></span> <span class='ocrx_word' id='word_1_8' title='bbox 202 498 259 559; x_wconf 90' lang='lat' dir='ltr'><strong>est</strong></span> <span class='ocrx_word' id='word_1_9' title='bbox 279 510 356 555; x_wconf 92' lang='lat' dir='ltr'><strong>non</strong></span> <span class='ocrx_word' id='word_1_10' title='bbox 373 485 447 581; x_wconf 88' lang='lat' dir='ltr'><strong>jam</strong></span> <span class='ocrx_word' id='word_1_11' title='bbox 469 481 888 570; x_wconf 86' lang='lat' dir='ltr'><strong>moderatebumidam;</strong></span> <span class='ocrx_word' id='word_1_12' title='bbox 905 485 1150 583; x_wconf 84' lang='lat' dir='ltr'><strong>nequeenim</strong></span> 
     </span>
     <span class='ocr_line' id='line_1_3' title="bbox 140 598 1150 703; baseline -0.001 -28"><span class='ocrx_word' id='word_1_13' title='bbox 140 604 388 703; x_wconf 78' lang='lat' dir='ltr'><strong>Hippocratis</strong></span> <span class='ocrx_word' id='word_1_14' title='bbox 420 599 678 700; x_wconf 75' lang='lat' dir='ltr'>aphorismum</span> <span class='ocrx_word' id='word_1_15' title='bbox 706 598 1057 700; x_wconf 80' lang='lat' dir='ltr'><strong>(1)ignoramus&#39;;</strong></span> <span class='ocrx_word' id='word_1_16' title='bbox 1086 601 1150 674; x_wconf 87' lang='lat' dir='ltr'><strong>sed</strong></span> 
     </span>
     <span class='ocr_line' id='line_1_4' title="bbox 143 717 1146 819; baseline -0.007 -26"><span class='ocrx_word' id='word_1_17' title='bbox 143 746 250 819; x_wconf 84' lang='lat' dir='ltr'><strong>aequo</strong></span> <span class='ocrx_word' id='word_1_18' title='bbox 264 719 415 790; x_wconf 86' lang='lat' dir='ltr'><strong>demum</strong></span> <span class='ocrx_word' id='word_1_19' title='bbox 431 734 467 790; x_wconf 90' lang='lat' dir='ltr'><strong>et</strong></span> <span class='ocrx_word' id='word_1_20' title='bbox 485 718 590 790; x_wconf 85' lang='lat' dir='ltr'><strong>facile</strong></span> <span class='ocrx_word' id='word_1_21' title='bbox 606 720 716 790; x_wconf 86' lang='lat' dir='ltr'><strong>etiam</strong></span> <span class='ocrx_word' id='word_1_22' title='bbox 732 717 780 789; x_wconf 89' lang='lat' dir='ltr'><strong>ab</strong></span> <span class='ocrx_word' id='word_1_23' title='bbox 798 718 1011 817; x_wconf 87' lang='lat' dir='ltr'><strong>incongrua</strong></span> <span class='ocrx_word' id='word_1_24' title='bbox 1028 722 1146 791; x_wconf 53' lang='lat' dir='ltr'><strong>vireu,</strong></span> 
     </span>
     <span class='ocr_line' id='line_1_5' title="bbox 140 833 1144 936; baseline 0.001 -26"><span class='ocrx_word' id='word_1_25' title='bbox 140 839 183 910; x_wconf 95' lang='lat' dir='ltr'><strong>di</strong></span> <span class='ocrx_word' id='word_1_26' title='bbox 202 863 355 925; x_wconf 90' lang='lat' dir='ltr'><strong>norma,</strong></span> <span class='ocrx_word' id='word_1_27' title='bbox 373 836 626 909; x_wconf 85' lang='lat' dir='ltr'><strong>humidiorem</strong></span> <span class='ocrx_word' id='word_1_28' title='bbox 649 833 829 908; x_wconf 82' lang='lat' dir='ltr'><strong>effectam.</strong></span> <span class='ocrx_word' id='word_1_29' title='bbox 850 840 894 907; x_wconf 91' lang='lat' dir='ltr'><strong>ln</strong></span> <span class='ocrx_word' id='word_1_30' title='bbox 918 836 999 909; x_wconf 80' lang='lat' dir='ltr'><strong>laxa</strong></span> <span class='ocrx_word' id='word_1_31' title='bbox 1021 839 1144 936; x_wconf 77' lang='lat' dir='ltr'><strong>itaque</strong></span> 
     </span>
     <span class='ocr_line' id='line_1_6' title="bbox 143 944 1141 1052; baseline 0.001 -26"><span class='ocrx_word' id='word_1_32' title='bbox 143 958 317 1029; x_wconf 87' lang='lat' dir='ltr'><strong>intestina</strong></span> <span class='ocrx_word' id='word_1_33' title='bbox 333 958 363 1027; x_wconf 93' lang='lat' dir='ltr'><strong>is</strong></span> <span class='ocrx_word' id='word_1_34' title='bbox 385 954 432 1026; x_wconf 89' lang='lat' dir='ltr'><strong>ab</strong></span> <span class='ocrx_word' id='word_1_35' title='bbox 450 944 752 1029; x_wconf 81' lang='lat' dir='ltr'><strong>redundantibus</strong></span> <span class='ocrx_word' id='word_1_36' title='bbox 768 955 989 1052; x_wconf 78' lang='lat' dir='ltr'><strong>vitiosisque</strong></span> <span class='ocrx_word' id='word_1_37' title='bbox 1011 954 1141 1027; x_wconf 69' lang='lat' dir='ltr'><strong>humm</strong></span> 
     </span>
     <span class='ocr_line' id='line_1_7' title="bbox 143 1070 1137 1173; baseline 0 -27"><span class='ocrx_word' id='word_1_38' title='bbox 143 1075 250 1147; x_wconf 90' lang='lat' dir='ltr'><strong>ribus</strong></span> <span class='ocrx_word' id='word_1_39' title='bbox 275 1072 395 1147; x_wconf 90' lang='lat' dir='ltr'><strong>factus</strong></span> <span class='ocrx_word' id='word_1_40' title='bbox 418 1088 472 1146; x_wconf 88' lang='lat' dir='ltr'><strong>est</strong></span> <span class='ocrx_word' id='word_1_41' title='bbox 491 1074 676 1170; x_wconf 89' lang='lat' dir='ltr'><strong>impetus,</strong></span> <span class='ocrx_word' id='word_1_42' title='bbox 699 1087 741 1144; x_wconf 90' lang='lat' dir='ltr'><strong>ut</strong></span> <span class='ocrx_word' id='word_1_43' title='bbox 763 1070 921 1173; x_wconf 86' lang='lat' dir='ltr'><strong>ferendo</strong></span> <span class='ocrx_word' id='word_1_44' title='bbox 940 1074 1047 1170; x_wconf 88' lang='lat' dir='ltr'><strong>paria</strong></span> <span class='ocrx_word' id='word_1_45' title='bbox 1069 1097 1137 1147; x_wconf 87' lang='lat' dir='ltr'><strong>nou</strong></span> 
     </span>
     <span class='ocr_line' id='line_1_8' title="bbox 143 1187 1174 1290; baseline -0.002 -26"><span class='ocrx_word' id='word_1_46' title='bbox 143 1190 534 1290; x_wconf 88' lang='lat' dir='ltr'><strong>fuerint.·Dysenteria</strong></span> <span class='ocrx_word' id='word_1_47' title='bbox 556 1190 722 1288; x_wconf 90' lang='lat' dir='ltr'><strong>primum</strong></span> <span class='ocrx_word' id='word_1_48' title='bbox 739 1204 869 1262; x_wconf 82' lang='lat' dir='ltr'><strong>vexata</strong></span> <span class='ocrx_word' id='word_1_49' title='bbox 883 1187 1044 1262; x_wconf 87' lang='lat' dir='ltr'><strong>fuerant.</strong></span> <span class='ocrx_word' id='word_1_50' title='bbox 1065 1195 1137 1262; x_wconf 86' lang='lat' dir='ltr'><strong>Hec</strong></span> <span class='ocrx_word' id='word_1_51' title='bbox 1170 1196 1174 1203; x_wconf 86' lang='lat'>&#39;</span> 
     </span>
     <span class='ocr_line' id='line_1_9' title="bbox 77 1306 1135 1408; baseline -0.005 -26"><span class='ocrx_word' id='word_1_52' title='bbox 77 1404 79 1408; x_wconf 10' lang='grc' dir='ltr'><em>Α</em></span> <span class='ocrx_word' id='word_1_53' title='bbox 144 1311 485 1392; x_wconf 84' lang='lat' dir='ltr'><strong>exulcerationum,</strong></span> <span class='ocrx_word' id='word_1_54' title='bbox 508 1323 550 1379; x_wconf 90' lang='lat' dir='ltr'><strong>ut</strong></span> <span class='ocrx_word' id='word_1_55' title='bbox 569 1307 739 1395; x_wconf 88' lang='lat' dir='ltr'><strong>videtur,</strong></span> <span class='ocrx_word' id='word_1_56' title='bbox 758 1306 912 1405; x_wconf 89' lang='lat' dir='ltr'><strong>reliquit</strong></span> <span class='ocrx_word' id='word_1_57' title='bbox 927 1309 1058 1398; x_wconf 90' lang='lat' dir='ltr'><strong>initia,</strong></span> <span class='ocrx_word' id='word_1_58' title='bbox 1082 1307 1135 1379; x_wconf 90' lang='lat' dir='ltr'><strong>mi·</strong></span> 
     </span>
     <span class='ocr_line' id='line_1_10' title="bbox 139 1425 1134 1524; baseline -0.002 -25"><span class='ocrx_word' id='word_1_59' title='bbox 139 1453 215 1499; x_wconf 88' lang='lat' dir='ltr'><strong>nus</strong></span> <span class='ocrx_word' id='word_1_60' title='bbox 230 1425 507 1513; x_wconf 87' lang='lat' dir='ltr'><strong>animadversa,</strong></span> <span class='ocrx_word' id='word_1_61' title='bbox 524 1425 612 1523; x_wconf 88' lang='lat' dir='ltr'><strong>quia</strong></span> <span class='ocrx_word' id='word_1_62' title='bbox 632 1440 713 1496; x_wconf 88' lang='lat' dir='ltr'><strong>turn</strong></span> <span class='ocrx_word' id='word_1_63' title='bbox 728 1426 903 1497; x_wconf 88' lang='lat' dir='ltr'><strong>intestina</strong></span> <span class='ocrx_word' id='word_1_64' title='bbox 926 1427 1005 1522; x_wconf 86' lang='lat' dir='ltr'><strong>jam</strong></span> <span class='ocrx_word' id='word_1_65' title='bbox 1032 1425 1134 1524; x_wconf 72' lang='lat' dir='ltr'><strong>magii</strong></span> 
     </span>
     <span class='ocr_line' id='line_1_11' title="bbox 143 1541 1182 1640; baseline -0.001 -25"><span class='ocrx_word' id='word_1_66' title='bbox 143 1545 279 1631; x_wconf 84' lang='lat' dir='ltr'><strong>laxata,</strong></span> <span class='ocrx_word' id='word_1_67' title='bbox 295 1542 491 1615; x_wconf 90' lang='lat' dir='ltr'><strong>doloribus</strong></span> <span class='ocrx_word' id='word_1_68' title='bbox 509 1567 587 1612; x_wconf 90' lang='lat' dir='ltr'><strong>non</strong></span> <span class='ocrx_word' id='word_1_69' title='bbox 606 1544 656 1613; x_wconf 88' lang='lat' dir='ltr'><strong>ita</strong></span> <span class='ocrx_word' id='word_1_70' title='bbox 675 1544 811 1615; x_wconf 89' lang='lat' dir='ltr'><strong>acriter</strong></span> <span class='ocrx_word' id='word_1_71' title='bbox 827 1541 1134 1640; x_wconf 83' lang='lat' dir='ltr'><strong>percellebantur,</strong></span> <span class='ocrx_word' id='word_1_72' title='bbox 1180 1604 1182 1635; x_wconf 65' lang='lat'><strong>,</strong></span> 
     </span>
     <span class='ocr_line' id='line_1_12' title="bbox 144 1657 1145 1761; baseline -0.002 -27"><span class='ocrx_word' id='word_1_73' title='bbox 144 1678 223 1734; x_wconf 91' lang='lat' dir='ltr'><strong>tum</strong></span> <span class='ocrx_word' id='word_1_74' title='bbox 250 1663 419 1733; x_wconf 89' lang='lat' dir='ltr'><strong>saniosus</strong></span> <span class='ocrx_word' id='word_1_75' title='bbox 445 1659 553 1730; x_wconf 90' lang='lat' dir='ltr'><strong>ichor</strong></span> <span class='ocrx_word' id='word_1_76' title='bbox 578 1685 598 1731; x_wconf 91' lang='lat' dir='ltr'><strong>a</strong></span> <span class='ocrx_word' id='word_1_77' title='bbox 624 1659 721 1731; x_wconf 88' lang='lat' dir='ltr'><strong>flavo</strong></span> <span class='ocrx_word' id='word_1_78' title='bbox 752 1659 1017 1752; x_wconf 80' lang='lat' dir='ltr'><strong>occulebatur,</strong></span> <span class='ocrx_word' id='word_1_79' title='bbox 1044 1657 1145 1761; x_wconf 46' lang='lat' dir='ltr'><strong>quod*</strong></span> 
     </span>
     <span class='ocr_line' id='line_1_13' title="bbox 143 1776 1135 1875; baseline 0.003 -23"><span class='ocrx_word' id='word_1_80' title='bbox 143 1793 395 1864; x_wconf 78' lang='lat' dir='ltr'><strong>successerat,</strong></span> <span class='ocrx_word' id='word_1_81' title='bbox 415 1776 487 1848; x_wconf 88' lang='lat' dir='ltr'><strong>alvi</strong></span> <span class='ocrx_word' id='word_1_82' title='bbox 502 1777 699 1875; x_wconf 89' lang='lat' dir='ltr'><strong>profluvio.</strong></span> <span class='ocrx_word' id='word_1_83' title='bbox 719 1782 799 1850; x_wconf 90' lang='lat' dir='ltr'><strong>Hoc</strong></span> <span class='ocrx_word' id='word_1_84' title='bbox 815 1793 941 1869; x_wconf 85' lang='lat' dir='ltr'><strong>autern</strong></span> <span class='ocrx_word' id='word_1_85' title='bbox 961 1803 1135 1855; x_wconf 81' lang='lat' dir='ltr'><strong>successe·</strong></span> 
     </span>
     <span class='ocr_line' id='line_1_14' title="bbox 139 1896 1136 1994; baseline 0.002 -28"><span class='ocrx_word' id='word_1_86' title='bbox 139 1913 222 1981; x_wconf 84' lang='lat' dir='ltr'><strong>rat,</strong></span> <span class='ocrx_word' id='word_1_87' title='bbox 241 1897 357 1967; x_wconf 84' lang='lat' dir='ltr'><strong>relata</strong></span> <span class='ocrx_word' id='word_1_88' title='bbox 373 1897 412 1966; x_wconf 90' lang='lat' dir='ltr'><strong>in</strong></span> <span class='ocrx_word' id='word_1_89' title='bbox 432 1897 652 1994; x_wconf 86' lang='lat' dir='ltr'><strong>sanguinem</strong></span> <span class='ocrx_word' id='word_1_90' title='bbox 675 1922 720 1966; x_wconf 86' lang='lat' dir='ltr'><strong>ex</strong></span> <span class='ocrx_word' id='word_1_91' title='bbox 737 1896 924 1968; x_wconf 90' lang='lat' dir='ltr'><strong>intestinis</strong></span> <span class='ocrx_word' id='word_1_92' title='bbox 954 1899 1090 1972; x_wconf 75' lang='lat' dir='ltr'><strong>vitiata</strong></span> <span class='ocrx_word' id='word_1_93' title='bbox 1106 1899 1136 1968; x_wconf 88' lang='lat' dir='ltr'><strong>in</strong></span> 
     </span>
     <span class='ocr_line' id='line_1_15' title="bbox 143 2013 1141 2113; baseline 0.006 -30"><span class='ocrx_word' id='word_1_94' title='bbox 143 2015 234 2112; x_wconf 91' lang='lat' dir='ltr'><strong>ipsis</strong></span> <span class='ocrx_word' id='word_1_95' title='bbox 259 2013 319 2085; x_wconf 91' lang='lat' dir='ltr'><strong>vel</strong></span> <span class='ocrx_word' id='word_1_96' title='bbox 345 2015 481 2113; x_wconf 86' lang='lat' dir='ltr'><strong>magis,</strong></span> <span class='ocrx_word' id='word_1_97' title='bbox 510 2013 706 2085; x_wconf 89' lang='lat' dir='ltr'><strong>deterioris</strong></span> <span class='ocrx_word' id='word_1_98' title='bbox 729 2015 890 2085; x_wconf 76' lang='lat' dir='ltr'><strong>materiae</strong></span> <span class='ocrx_word' id='word_1_99' title='bbox 918 2031 1037 2112; x_wconf 85' lang='lat' dir='ltr'><strong>parte.</strong></span> <span class='ocrx_word' id='word_1_100' title='bbox 1066 2021 1141 2108; x_wconf 72' lang='lat' dir='ltr'><strong>Qua</strong></span> 
     </span>
     <span class='ocr_line' id='line_1_16' title="bbox 143 2131 1142 2206; baseline 0.003 -3"><span class='ocrx_word' id='word_1_101' title='bbox 143 2132 284 2203; x_wconf 88' lang='lat' dir='ltr'><strong>reduce</strong></span> <span class='ocrx_word' id='word_1_102' title='bbox 309 2134 445 2202; x_wconf 90' lang='lat' dir='ltr'><strong>iterum</strong></span> <span class='ocrx_word' id='word_1_103' title='bbox 463 2132 502 2200; x_wconf 93' lang='lat' dir='ltr'><strong>in</strong></span> <span class='ocrx_word' id='word_1_104' title='bbox 520 2132 696 2202; x_wconf 86' lang='lat' dir='ltr'><strong>intestina</strong></span> <span class='ocrx_word' id='word_1_105' title='bbox 716 2131 828 2202; x_wconf 93' lang='lat' dir='ltr'><strong>simul</strong></span> <span class='ocrx_word' id='word_1_106' title='bbox 848 2155 934 2203; x_wconf 91' lang='lat' dir='ltr'><strong>cum</strong></span> <span class='ocrx_word' id='word_1_107' title='bbox 952 2132 1030 2204; x_wconf 86' lang='lat' dir='ltr'><strong>bile</strong></span> <span class='ocrx_word' id='word_1_108' title='bbox 1051 2133 1142 2206; x_wconf 64' lang='lat' dir='ltr'><strong>aliis</strong></span> 
     </span>
     <span class='ocr_line' id='line_1_17' title="bbox 144 2242 1149 2347; baseline -0.002 -27"><span class='ocrx_word' id='word_1_109' title='bbox 144 2275 219 2347; x_wconf 91' lang='lat' dir='ltr'><strong>que</strong></span> <span class='ocrx_word' id='word_1_110' title='bbox 239 2250 382 2337; x_wconf 88' lang='lat' dir='ltr'><strong>succis,</strong></span> <span class='ocrx_word' id='word_1_111' title='bbox 404 2274 567 2345; x_wconf 91' lang='lat' dir='ltr'><strong>quorum</strong></span> <span class='ocrx_word' id='word_1_112' title='bbox 593 2249 863 2347; x_wconf 88' lang='lat' dir='ltr'><strong>conceptacula</strong></span> <span class='ocrx_word' id='word_1_113' title='bbox 884 2266 921 2322; x_wconf 88' lang='lat' dir='ltr'><strong>ct</strong></span> <span class='ocrx_word' id='word_1_114' title='bbox 942 2248 1052 2323; x_wconf 84' lang='lat' dir='ltr'><strong>sedes</strong></span> <span class='ocrx_word' id='word_1_115' title='bbox 1070 2242 1149 2323; x_wconf 70' lang='lat' dir='ltr'><strong>hac</strong></span> 
     </span>
     <span class='ocr_line' id='line_1_18' title="bbox 141 2354 1154 2464; baseline 0.007 -28"><span class='ocrx_word' id='word_1_116' title='bbox 141 2368 313 2439; x_wconf 90' lang='lat' dir='ltr'><strong>irritabat</strong></span> <span class='ocrx_word' id='word_1_117' title='bbox 330 2368 510 2446; x_wconf 80' lang='lat' dir='ltr'><strong>admista,</strong></span> <span class='ocrx_word' id='word_1_118' title='bbox 528 2392 605 2438; x_wconf 91' lang='lat' dir='ltr'><strong>non</strong></span> <span class='ocrx_word' id='word_1_119' title='bbox 628 2366 856 2464; x_wconf 87' lang='lat' dir='ltr'><strong>profluvium</strong></span> <span class='ocrx_word' id='word_1_120' title='bbox 879 2354 997 2439; x_wconf 80' lang='lat' dir='ltr'><strong>modo</strong></span> <span class='ocrx_word' id='word_1_121' title='bbox 1024 2390 1154 2443; x_wconf 62' lang='lat' dir='ltr'><strong>serva‘</strong></span> 
     </span>
     <span class='ocr_line' id='line_1_19' title="bbox 141 2484 1162 2582; baseline 0.005 -26"><span class='ocrx_word' id='word_1_122' title='bbox 141 2485 271 2574; x_wconf 90' lang='lat' dir='ltr'><strong>batur,</strong></span> <span class='ocrx_word' id='word_1_123' title='bbox 294 2486 359 2558; x_wconf 91' lang='lat' dir='ltr'><strong>sed</strong></span> <span class='ocrx_word' id='word_1_124' title='bbox 375 2501 412 2558; x_wconf 90' lang='lat' dir='ltr'><strong>et</strong></span> <span class='ocrx_word' id='word_1_125' title='bbox 427 2486 620 2557; x_wconf 90' lang='lat' dir='ltr'><strong>erosiones</strong></span> <span class='ocrx_word' id='word_1_126' title='bbox 636 2485 890 2582; x_wconf 75' lang='lat' dir='ltr'><strong>augebantnr5</strong></span> <span class='ocrx_word' id='word_1_127' title='bbox 909 2501 951 2558; x_wconf 90' lang='lat' dir='ltr'><strong>ut</strong></span> <span class='ocrx_word' id='word_1_128' title='bbox 971 2484 1162 2561; x_wconf 76' lang='lat' dir='ltr'><strong>infirmis¹</strong></span> 
     </span>
     <span class='ocr_line' id='line_1_20' title="bbox 142 2600 1171 2704; baseline 0.006 -31"><span class='ocrx_word' id='word_1_129' title='bbox 142 2604 233 2674; x_wconf 90' lang='lat' dir='ltr'><strong>sima</strong></span> <span class='ocrx_word' id='word_1_130' title='bbox 246 2603 398 2675; x_wconf 79' lang='lat' dir='ltr'><strong>demum</strong></span> <span class='ocrx_word' id='word_1_131' title='bbox 419 2603 486 2674; x_wconf 91' lang='lat' dir='ltr'><strong>ubi</strong></span> <span class='ocrx_word' id='word_1_132' title='bbox 503 2617 610 2675; x_wconf 90' lang='lat' dir='ltr'><strong>eraut</strong></span> <span class='ocrx_word' id='word_1_133' title='bbox 626 2602 683 2673; x_wconf 80' lang='lat' dir='ltr'><strong>ha·</strong></span> <span class='ocrx_word' id='word_1_134' title='bbox 697 2600 792 2675; x_wconf 88' lang='lat' dir='ltr'><strong>facta</strong></span> <span class='ocrx_word' id='word_1_135' title='bbox 808 2605 984 2676; x_wconf 89' lang='lat' dir='ltr'><strong>intestina</strong></span> <span class='ocrx_word' id='word_1_136' title='bbox 1000 2621 1039 2677; x_wconf 88' lang='lat' dir='ltr'><strong>et</strong></span> <span class='ocrx_word' id='word_1_137' title='bbox 1056 2611 1171 2704; x_wconf 50' lang='lat' dir='ltr'><strong>gan*</strong></span> 
     </span>
     <span class='ocr_line' id='line_1_21' title="bbox 141 2722 1162 2824; baseline 0.004 -31"><span class='ocrx_word' id='word_1_138' title='bbox 141 2747 264 2820; x_wconf 84' lang='lat' dir='ltr'><strong>graena</strong></span> <span class='ocrx_word' id='word_1_139' title='bbox 282 2722 631 2821; x_wconf 87' lang='lat' dir='ltr'><strong>prehenderentur,</strong></span> <span class='ocrx_word' id='word_1_140' title='bbox 658 2739 695 2793; x_wconf 90' lang='lat' dir='ltr'><strong>et</strong></span> <span class='ocrx_word' id='word_1_141' title='bbox 717 2723 881 2820; x_wconf 88' lang='lat' dir='ltr'><strong>pessimo</strong></span> <span class='ocrx_word' id='word_1_142' title='bbox 906 2722 1037 2796; x_wconf 84' lang='lat' dir='ltr'><strong>ichore</strong></span> <span class='ocrx_word' id='word_1_143' title='bbox 1059 2749 1162 2824; x_wconf 54' lang='lat' dir='ltr'><strong>per*</strong></span> 
     </span>
     <span class='ocr_line' id='line_1_22' title="bbox 139 2839 1168 2938; baseline 0.003 -28"><span class='ocrx_word' id='word_1_144' title='bbox 139 2840 404 2913; x_wconf 87' lang='lat' dir='ltr'><strong>tunderentur.</strong></span> <span class='ocrx_word' id='word_1_145' title='bbox 427 2841 595 2910; x_wconf 90' lang='lat' dir='ltr'><strong>Relatam</strong></span> <span class='ocrx_word' id='word_1_146' title='bbox 618 2855 765 2920; x_wconf 86' lang='lat' dir='ltr'><strong>autem,</strong></span> <span class='ocrx_word' id='word_1_147' title='bbox 792 2854 834 2910; x_wconf 92' lang='lat' dir='ltr'><strong>ut</strong></span> <span class='ocrx_word' id='word_1_148' title='bbox 851 2839 964 2938; x_wconf 88' lang='lat' dir='ltr'><strong>paulo</strong></span> <span class='ocrx_word' id='word_1_149' title='bbox 981 2855 1071 2913; x_wconf 87' lang='lat' dir='ltr'><strong>ante</strong></span> <span class='ocrx_word' id='word_1_150' title='bbox 1090 2840 1168 2913; x_wconf 61' lang='lat' dir='ltr'><strong>dia</strong></span> 
     </span>
     <span class='ocr_line' id='line_1_23' title="bbox 141 2956 1145 3057; baseline 0.007 -31"><span class='ocrx_word' id='word_1_151' title='bbox 141 2957 291 3048; x_wconf 90' lang='lat' dir='ltr'><strong>cebam,</strong></span> <span class='ocrx_word' id='word_1_152' title='bbox 318 2960 356 3029; x_wconf 92' lang='lat' dir='ltr'><strong>iu</strong></span> <span class='ocrx_word' id='word_1_153' title='bbox 382 2959 603 3054; x_wconf 80' lang='lat' dir='ltr'><strong>sanguinem</strong></span> <span class='ocrx_word' id='word_1_154' title='bbox 636 2981 788 3057; x_wconf 87' lang='lat' dir='ltr'><strong>pravam</strong></span> <span class='ocrx_word' id='word_1_155' title='bbox 816 2956 917 3028; x_wconf 89' lang='lat' dir='ltr'><strong>illam</strong></span> <span class='ocrx_word' id='word_1_156' title='bbox 948 2960 1145 3033; x_wconf 85' lang='lat' dir='ltr'><strong>materiam</strong></span> 
     </span>
     <span class='ocr_line' id='line_1_24' title="bbox 138 3073 1145 3172; baseline 0.005 -28"><span class='ocrx_word' id='word_1_157' title='bbox 138 3090 306 3145; x_wconf 90' lang='lat' dir='ltr'><strong>nontam</strong></span> <span class='ocrx_word' id='word_1_158' title='bbox 325 3089 535 3147; x_wconf 76' lang='lat' dir='ltr'><strong>consecutae</strong></span> <span class='ocrx_word' id='word_1_159' title='bbox 553 3073 687 3160; x_wconf 86' lang='lat' dir='ltr'><strong>febres,</strong></span> <span class='ocrx_word' id='word_1_160' title='bbox 700 3100 813 3172; x_wconf 90' lang='lat' dir='ltr'><strong>quam</strong></span> <span class='ocrx_word' id='word_1_161' title='bbox 832 3077 1028 3172; x_wconf 86' lang='lat' dir='ltr'><strong>proximus</strong></span> <span class='ocrx_word' id='word_1_162' title='bbox 1043 3077 1145 3149; x_wconf 80' lang='lat' dir='ltr'><strong>exul·</strong></span> 
     </span>
     <span class='ocr_line' id='line_1_25' title="bbox 139 3192 1144 3268; baseline 0.005 -6"><span class='ocrx_word' id='word_1_163' title='bbox 139 3208 263 3263; x_wconf 90' lang='lat' dir='ltr'><strong>cerato</strong></span> <span class='ocrx_word' id='word_1_164' title='bbox 283 3192 549 3263; x_wconf 88' lang='lat' dir='ltr'><strong>intestinorum</strong></span> <span class='ocrx_word' id='word_1_165' title='bbox 564 3194 700 3264; x_wconf 89' lang='lat' dir='ltr'><strong>tractui</strong></span> <span class='ocrx_word' id='word_1_166' title='bbox 714 3195 927 3263; x_wconf 88' lang='lat' dir='ltr'><strong>mesenterii</strong></span> <span class='ocrx_word' id='word_1_167' title='bbox 943 3194 1074 3265; x_wconf 83' lang='lat' dir='ltr'><strong>tumor</strong></span> <span class='ocrx_word' id='word_1_168' title='bbox 1087 3218 1144 3268; x_wconf 82' lang='lat' dir='ltr'><strong>os·</strong></span> 
     </span>
     <span class='ocr_line' id='line_1_26' title="bbox 137 3302 1144 3397; baseline 0.005 -18"><span class='ocrx_word' id='word_1_169' title='bbox 137 3308 269 3379; x_wconf 89' lang='lat' dir='ltr'><strong>tendit.</strong></span> <span class='ocrx_word' id='word_1_170' title='bbox 293 3309 383 3379; x_wconf 88' lang='lat' dir='ltr'><strong>Mali</strong></span> <span class='ocrx_word' id='word_1_171' title='bbox 408 3311 507 3379; x_wconf 90' lang='lat' dir='ltr'><strong>enim</strong></span> <span class='ocrx_word' id='word_1_172' title='bbox 527 3310 693 3397; x_wconf 90' lang='lat' dir='ltr'><strong>ichores,</strong></span> <span class='ocrx_word' id='word_1_173' title='bbox 713 3335 798 3380; x_wconf 90' lang='lat' dir='ltr'><strong>cum</strong></span> <span class='ocrx_word' id='word_1_174' title='bbox 821 3335 865 3381; x_wconf 89' lang='lat' dir='ltr'><strong>ex</strong></span> <span class='ocrx_word' id='word_1_175' title='bbox 892 3335 938 3380; x_wconf 93' lang='lat' dir='ltr'><strong>eo</strong></span> <span class='ocrx_word' id='word_1_176' title='bbox 953 3302 1144 3384; x_wconf 53' lang='lat' dir='ltr'><strong>tractu&#39;ad</strong></span> 
     </span>
     <span class='ocr_line' id='line_1_27' title="bbox 136 3410 1143 3526; baseline 0.006 -30"><span class='ocrx_word' id='word_1_177' title='bbox 136 3428 277 3498; x_wconf 85' lang='lat' dir='ltr'><strong>vicinas</strong></span> <span class='ocrx_word' id='word_1_178' title='bbox 307 3425 503 3524; x_wconf 85' lang='lat' dir='ltr'><strong>glandulas</strong></span> <span class='ocrx_word' id='word_1_179' title='bbox 533 3453 601 3526; x_wconf 89' lang='lat' dir='ltr'><strong>per</strong></span> <span class='ocrx_word' id='word_1_180' title='bbox 621 3424 821 3524; x_wconf 87' lang='lat' dir='ltr'><strong>chyliferos</strong></span> <span class='ocrx_word' id='word_1_181' title='bbox 840 3410 979 3500; x_wconf 76' lang='lat' dir='ltr'><strong>ductus</strong></span> <span class='ocrx_word' id='word_1_182' title='bbox 995 3429 1143 3502; x_wconf 80' lang='lat' dir='ltr'><strong>assiduo</strong></span> 
     </span>
     <span class='ocr_line' id='line_1_28' title="bbox 136 3543 1143 3642; baseline 0.006 -28"><span class='ocrx_word' id='word_1_183' title='bbox 136 3543 445 3623; x_wconf 77' lang='lat' dir='ltr'><strong>traducerentur,</strong></span> <span class='ocrx_word' id='word_1_184' title='bbox 468 3570 596 3616; x_wconf 89' lang='lat' dir='ltr'><strong>earum</strong></span> <span class='ocrx_word' id='word_1_185' title='bbox 621 3544 786 3642; x_wconf 88' lang='lat' dir='ltr'><strong>denique</strong></span> <span class='ocrx_word' id='word_1_186' title='bbox 819 3547 989 3617; x_wconf 80' lang='lat' dir='ltr'><strong>intimam</strong></span> <span class='ocrx_word' id='word_1_187' title='bbox 1024 3550 1143 3620; x_wconf 81' lang='lat' dir='ltr'><strong>struc-</strong></span> 
     </span>
     <span class='ocr_line' id='line_1_29' title="bbox 136 3660 1141 3766; baseline 0.007 -34"><span class='ocrx_word' id='word_1_188' title='bbox 136 3678 259 3732; x_wconf 87' lang='lat' dir='ltr'><strong>turam</strong></span> <span class='ocrx_word' id='word_1_189' title='bbox 281 3661 556 3761; x_wconf 86' lang='lat' dir='ltr'><strong>depravarunt,</strong></span> <span class='ocrx_word' id='word_1_190' title='bbox 574 3678 617 3733; x_wconf 88' lang='lat' dir='ltr'><strong>ut</strong></span> <span class='ocrx_word' id='word_1_191' title='bbox 637 3660 706 3735; x_wconf 91' lang='lat' dir='ltr'><strong>sibi</strong></span> <span class='ocrx_word' id='word_1_192' title='bbox 727 3666 938 3761; x_wconf 89' lang='lat' dir='ltr'><strong>intercepto</strong></span> <span class='ocrx_word' id='word_1_193' title='bbox 962 3667 1141 3766; x_wconf 82' lang='lat' dir='ltr'><strong>transitu,</strong></span> 
     </span>
    </p>
   </div>
   <div class='ocr_carea' id='block_1_3' title="bbox 174 3920 377 3998">
    <p class='ocr_par' dir='ltr' id='par_1_3' title="bbox 174 3920 377 3998">
     <span class='ocr_line' id='line_1_30' title="bbox 174 3920 377 3998; baseline 0.01 -20"><span class='ocrx_word' id='word_1_194' title='bbox 174 3920 220 3998; x_wconf 75' lang='grc' dir='ltr'><strong>(ι)</strong></span> <span class='ocrx_word' id='word_1_195' title='bbox 241 3920 295 3994; x_wconf 78' lang='lat' dir='ltr'><strong>aa,</strong></span> <span class='ocrx_word' id='word_1_196' title='bbox 314 3942 335 3977; x_wconf 70' lang='lat' dir='ltr'><strong>s.</strong></span> <span class='ocrx_word' id='word_1_197' title='bbox 351 3942 377 3980; x_wconf 77' lang='lat'><strong>2.</strong></span> 
     </span>
    </p>
   </div>
   <div class='ocr_carea' id='block_1_4' title="bbox 0 0 1294 4514">
    <p class='ocr_par' dir='ltr' id='par_1_4' title="bbox 0 0 1294 4514">
     <span class='ocr_line' id='line_1_31' title="bbox 0 0 1294 4514; baseline 0 3"><span class='ocrx_word' id='word_1_198' title='bbox 0 0 1294 4514; x_wconf 95' lang='lat' dir='ltr'><strong> </strong></span> 
     </span>
    </p>
   </div>
  </div>
 </body>
</html>
