2580 4514
249 395 317 446 am.
345 399 402 446 ιιι.
431 394 478 444 ne
504 393 639 445 uonms
665 398 1090 462 vaurms,sr1sr.xx1x.
1131 373 1180 446 53

172 509 356 598 tandum,
386 510 550 591 vomitus
571 510 717 583 nonita
736 507 913 607 frequens
930 509 1074 581 accidit.
1101 515 1178 581 Do·

171 627 233 697 lor
243 651 397 724 quoque
410 627 541 724 primis
558 627 791 724 temporibus
803 629 921 697 levior
936 626 1025 713 luit,
1037 628 1179 724 quippe

174 743 222 814 ab
245 743 565 841 skirrhi'pondere
580 743 760 815 duntaxat
781 744 929 840 aliqu0,
950 760 986 816 et
1001 768 1022 814 a
1040 758 1177 842 repug-

174 863 305 932 nantia
329 861 542 932 tunicarum
560 875 656 957 quas
671 861 887 949 obsidebat,
905 886 954 933 ne
977 885 1063 931 cum
1082 884 1178 958 opus

174 993 289 1064 esset,
310 979 412 1073 justa
431 978 598 1050 extensio
615 978 815 1050 ventriculi
832 975 960 1065 fieret,
985 993 1049 1050 aut
1066 975 1176 1051 sific-

174 1112 252 1185 ret,
268 1122 317 1168 ne
336 1120 423 1193 pars
447 1120 574 1166 earum
594 1121 676 1193 quae
697 1120 784 1166 sana
804 1110 903 1183 erat,
928 1095 1005 1166 sola
1025 1112 1188 1167 omnem·

176 1213 446 1284 distensionem
463 1213 540 1310 pati
556 1213 636 1309 ipsa
657 1227 783 1308 posset
796 1214 883 1283 *sine
899 1212 1080 1284 molestia.
1103 1216 1178 1284 Ve-

175 1355 260 1401 rum
287 1328 354 1400 ubi
379 1327 549 1400 skirrhus
571 1344 607 1400 et
628 1327 759 1400 auctus
787 1345 868 1418 est,
884 1345 920 1401 et
937 1330 977 1400 in
999 1342 1191 1401 cancrum

177 1448 350 1534 tandem,
383 1447 563 1544 huncque
603 1448 879 1536 exulceratum,
918 1446 1178 1546 degeneravit,

179 1569 296 1665 magis
318 1568 513 1665 magisque
543 1567 693 1638 dolores
718 1567 928 1637 inerescere
953 1563 1178 1637 debuerunt.

180 1687 237 1757 Sic
259 1699 386 1758 autem
409 1683 543 1755 allecto
566 1684 778 1756 ventriculo
795 1683 997 1780 vitiataque
1016 1706 1179 1755 concoc-

179 1805 281 1873 tione
293 1817 329 1873 et
347 1817 482 1873 natura
497 1803 707 1899 sanguinis,
725 1802 863 1873 mirum
877 1825 957 1871 non
976 1815 1050 1889 est,
1069 1801 1103 1871 si>
1114 1823 1178 1871 cae-

178 1936 256 1991 tera
279 1920 494 2016 contigere,
526 1943 613 1990 cum·
641 1919 848 2016 praesertim
878 1933 915 1990 et
940 1918 1094 1990 durities
1115 1917 1179 1988 illa

179 2037 385 2109 ventriculi
403 2052 440 2109 et
464 2036 726 2109 extuberantiae
752 2039 791 2108 in
812 2061 909 2135 quas
923 2062 961 2110 se
984 2047 1181 2108 omentum·

178 2155 268 2226 huic
299 2153 491 2250 alligatum
526 2169 783 2243 contraxerat,
816 2154 936 2226 libero
972 2154 1178 2226 humorum

179 2273 307 2344 cursui
323 2270 527 2343 obstarent.
547 2271 602 2344 Ex
613 2272 672 2344 his
686 2275 849 2370 rugitus,
859 2271 987 2361 flatus,
1001 2273 1177 2359 vomitus,

177 2390 329 2476 ascites,
346 2387 535 2476 debilitas,
550 2415 653 2461 mors
664 2391 938 2488 intelliguntur.

228 2506 261 2576 8.
284 2505 422 2576 Mulier
438 2505 683 2605 quadraginta
700 2532 1098 2599 annorum,carnosa,
1119 2533 1179 2580 eo·

180 2626 260 2695 lore
274 2621 441 2694 subflavo
454 2632 563 2712 ,cum
579 2649 717 2723 caepam
727 2642 833 2699 aceto
843 2643 880 2699 et
892 2629 966 2700 sale
974 2626 1180 2716 conditam,

181 2741 369 2838 simulque
388 2765 524 2838 panem
542 2743 764 2815 comedisset
787 2769 832 2815 ex
857 2760 1112 2816 castanearum
1133 2742 1190 2828 fas

179 2859 261 2930 rina
277 2856 509 2948 confectum,
530 2859 630 2930 illico
654 2860 699 2931 de
717 2861 900 2932 stomachi
917 2860 1049 2932 dolore
1071 2863 1182 2959 queri

181 2978 312 3074 coepit.
329 2977 415 3066 Quo
432 2980 550 3074 magis
570 2979 763 3075 magisque
790 2979 977 3067 saviente,
994 2978 1116 3052 tribus
1133 2978 1184 3049 ab

181 3119 225 3165 eo
243 3093 329 3164 cibo
348 3094 465 3184 horis,
478 3121 565 3166 cum
586 3095 786 3172 sudoribus
801 3094 944 3196 frigidis
955 3097 1083 3168 lethali
1099 3122 1184 3194 syn·

181 3236 276 3310 eope
306 3213 530 3310 ingruente,
555 3230 704 3286 mortua
727 3230 794 3287 est.
816 3219 955 3287 Ventre
976 3214 1025 3286 ob
1044 3217 1181 3287 veneni

183 3330 437 3426 suspicionem
460 3331 600 3420 incis0,
621 3334 747 3402 omnia
774 3348 920 3430 reperta
939 3348 1027 3404 sunt
1046 3358 1180 3406 secun-

183 3445 273 3516 dum
289 3462 462 3517 naturam
481 3471 519 3518 se
538 3447 733 3537 habentia,
752 3435 823 3521 nisi
837 3450 941 3547 quod
953 3452 1183 3553 ventriculus

183 3564 363 3659 majorem
386 3566 427 3633 in
449 3565 604 3646 modum
630 3566 813 3647 distentus
839 3584 918 3640 erat
945 3585 981 3641 et
1006 3569 1182 3641 nonnihil
1206 3624 1207 3628 ι

182 3677 457 3769 inflammatus;
474 3684 624 3780 sanguis
636 3699 760 3756 autem
777 3683 935 3758 fluorem
955 3689 1062 3783 quasi
1078 3701 1183 3757 natu·

182 3798 294 3870 ralem
311 3797 490 3870 servabat.

229 3940 261 4011 9.
276 3921 322 3988 Et
340 3915 518 3987 Valsalvae
532 3917 687 4015 quidem
699 3919 896 3993 videbatur
915 3925 967 3994 sic
982 3922 1183 4018 conjicicn·
1239 3980 1242 3985 .
