2580 4514
165 383 214 455 66
330 401 377 445 ns
403 395 549 443 sumnus
574 397 618 441 nr
644 395 767 443 crusis
793 397 1004 445 nonronun

164 535 219 592 est
250 515 390 611 magis,
419 510 641 607 magisque;
673 509 738 581 sed
768 527 804 582 et
833 511 1005 585 humoris
1032 514 1165 585 inclusi

163 648 296 708 natura
310 631 417 729 pejor
432 644 487 700 est
501 626 613 716 facta„
625 628 776 700 demum
788 630 991 727 purulenta
1009 655 1166 728 corrup·

163 757 217 828 tio
236 749 390 822 accessit
408 745 534 833 ‚unde
553 747 774 843 priusquam
796 747 1007 820 dehisceret
1023 763 1167 837 tumor,

162 886 307 945 tantum
328 865 435 963 pravi
453 863 644 934 iehorisin
662 866 837 953 venulas,
853 866 943 937 etin
959 891 1046 938 vasa
1072 866 1166 963 lym-

160 986 311 1089 phatica
330 1006 368 1054 se
386 982 620 1077 conjecerat,
639 997 682 1053 ut
693 983 772 1053 aliae
783 998 897 1081 atque
910 985 989 1055 aliae
1007 984 1166 1082 glandu-

159 1110 202 1181 lae
211 1104 341 1176 eadem
355 1099 437 1170 labe
448 1098 706 1172 inficerentur.
718 1103 755 1170 Si
767 1101 905 1173 diutius
913 1103 1050 1174 mulier
1057 1105 1165 1175 vixis·

159 1240 233 1309 set,
256 1218 347 1317 qnid
362 1220 577 1317 perimenti,
597 1219 689 1316 quid
705 1218 861 1291 skirrhis
871 1220 1057 1318 hepaticis
1068 1222 1162 1294 acci·

158 1344 247 1415 dere
268 1352 414 1436 posset,
436 1363 515 1407 non
527 1333 678 1407 difficile
698 1352 752 1407 est
772 1338 987 1433 conjectura
1018 1341 1163 1436 prospi-

156 1483 251 1534 cere.
273 1456 385 1545 Quod
404 1470 527 1525 autem
543 1456 583 1524 in
599 1454 763 1526 vesicula
789 1455 906 1526 multa
934 1471 1030 1528 esset
1055 1456 1163 1535 bitis,

153 1580 293 1651 mirum
313 1599 393 1644 non
421 1587 495 1660 est,
512 1587 554 1642 ut
571 1571 766 1669 superiore
783 1573 940 1670 epistola
967 1571 1022 1670 (ι)
1045 1575 1160 1672 serip-

154 1698 292 1779 simus,
309 1691 376 1762 ubi
397 1690 540 1763 diutius
571 1691 610 1759 in
639 1690 872 1778 ventriculo,
906 1692 1161 1789 proximisque

151 1812 338 1887 intestinis
350 1808 446 1880 nihil
461 1807 553 1896 fnit,
569 1808 674 1906 quod
689 1807 768 1880 haec
783 1808 1047 1898 distendendo,
1056 1811 1157 1882 illam

151 1930 430 2028 comprimeret.
454 1928 567 2018 Quod
580 1952 671 2028 vero
689 1926 776 1998 bilis
806 1926 933 2000 colore
965 1930 1083 1999 tincta
1102 1930 1157 1998 vi·

151 2051 248 2123 cinia
261 2062 375 2133 esset;
396 2046 433 2116 id
452 2071 547 2144 saepe
560 2044 654 2117 adeo
671 2046 709 2115 iu
722 2044 966 2118 cadaveribus
978 2047 1156 2133 occurrit,

149 2184 191 2241 ut
208 2167 254 2237 de
273 2189 371 2235 noxa
387 2163 475 2235 inde
491 2163 697 2262 repetenda
719 2163 912 2260 aliquanto
931 2165 1049 2261 magis
1068 2190 1156 2261 pro·

146 2310 239 2358 num
263 2285 308 2355 sit
331 2283 515 2354 scholium
543 2297 754 2352 extremum
772 2282 896 2378 sequi,
922 2282 961 2352 in
987 2287 1154 2361 sectione

146 2404 219 2475 hae
245 2399 485 2496 Sepulchreti
506 2398 736 2496 adscriptum
766 2397 1019 2470 observationi
1043 2403 1153 2485 XVI,

146 2544 261 2620 quam
277 2520 397 2616 ipsam
424 2516 725 2588 observationem
759 2516 820 2586 hic
852 2519 1057 2614 praesertim
1088 2517 1154 2588 ubi

144 2652 248 2711 tantu
263 2637 400 2732 passim
420 2649 608 2706 certarum
624 2635 816 2706 laesionum
832 2635 940 2731 eopia
960 2649 1025 2706 est.
1042 2640 1153 2709 Crete·

144 2779 229 2828 rum
256 2755 287 2861 si
321 2749 417 2825 forte
447 2754 518 2824 alia
551 2755 656 2851 cupis
683 2768 876 2824 tumorum
914 2769 991 2861 aut0
1005 2753 1152 2826 absces-

143 2872 310 2945 suumin
332 2871 543 2942 ventriculo
564 2871 754 2969 exempla,
773 2886 908 2969 praeter
926 2896 968 2942 ea
992 2897 1077 2968 quae
1109 2872 1149 2941 iu

141 2990 234 3076 hae,
261 3005 298 3059 et
313 2991 485 3086 proxima
515 2992 603 3069 VIII
623 2989 859 3088 Sepulchreti
893 2968 1058 3061 sectione
1087 3015 1149 3062 oe·

141 3122 319 3195 curruut;
346 3105 504 3178 habebis
536 3132 618 3203 quae
649 3107 764 3178 addas
795 3132 840 3178 ex
869 3110 1040 3179 Caesareae
1069 3131 1151 3178 aca-

142 3225 273 3296 demiae
289 3227 547 3297 monumentis
566 3226 642 3324 (α),
664 3253 709 3298 ex
729 3226 885 3322 aliisque
902 3240 1098 3322 praeterea,
1114 3240 1150 3299 et

45 3414 48 3419 .
141 3343 373 3415 nominatim
385 3343 1144 3440 FriderieiHofirnanni(3)voluminibus.

192 3681 204 3717 r
242 3664 280 3718 N.
295 3663 324 3719 6.

174 3660 222 3841 {a}
243 3765 314 3820 Dec,
329 3767 361 3836 3,
379 3769 405 3821 A
426 3764 458 3837 5,
479 3766 543 3822 obs.
563 3762 633 3836 175,
650 3762 842 3836 etA7,obs.
865 3769 935 3833 142,
960 3774 989 3818 et
1010 3772 1087 3818 cent.
1109 3764 1145 3831 3,

133 3862 199 3923 obs.
215 3866 261 3922 13.

3 3968 20 4039 ξ.
124 4052 127 4057 Ι
173 3962 219 4044 (3)
240 3964 349 4024 Medic.
362 3980 416 4027 rat.
434 3979 504 4025 tom.
523 3966 622 4039 3,§1‚
636 3986 662 4026 c·
677 3969 739 4039 725
772 3965 799 4021 ⁶·

104 4060 133 4127 u

1 4134 38 4192 ζει
112 4130 154 4163 st.
