2580 4514
121 404 189 448 ΗΒ.
207 401 260 448 111.
280 402 327 446 DE
346 399 480 447 Mounts
494 399 663 463 vmtt'ms,
682 400 793 448 urtst.
813 399 964 449 xxxvtll.
991 378 1059 450 601

68 514 258 604 tumfuit,
275 511 492 609 reliquaque
512 516 655 582 viscera
669 520 876 607 gangroena
896 496 1067 600 obsessor

68 654 140 702 nec
155 635 290 700 mirum
303 628 425 725 inquit
443 626 641 699 Scherbius
654 626 743 727 dum
756 642 877 700 tractu
894 620 1067 728 terporis

72 745 118 815 id
132 751 171 815 in
187 747 354 816 omnibus
364 743 576 842 hydropicis
593 750 642 814 sit
658 750 904 842 conspicuum.
922 745 994 818 Sed
1006 770 1065 818 me

71 863 154 934 veri
171 861 334 933 studium
354 872 441 932 'non
471 860 558 931 sinit
583 862 738 932 reticere
759 884 841 958 quae
866 884 937 959 pro
963 887 1068 959 para·

74 979 219 1050 centesi
238 977 312 1048 dici
330 991 510 1075 possunt,
527 977 650 1048 verbis
666 979 746 1050 istis
765 976 906 1051 ultimis
919 1002 967 1049 ne
979 979 1069 1077 ipsis

72 1095 231 1194 quidem
260 1095 416 1167 omnino
440 1093 759 1192 repugnantibus,
793 1095 869 1165 imo
896 1120 940 1166 ex
965 1108 1069 1192 parte

73 1211 221 1307 aliqua,
237 1213 266 1282 si
283 1224 384 1281 recte
401 1209 625 1299 attenderis,
642 1210 915 1308 adjuvantibus.
930 1211 1069 1309 Igitur,

74 1352 125 1398 ne
148 1352 311 1424 quaeram
342 1351 435 1398 num
467 1351 614 1426 semper
642 1326 681 1398 id
710 1351 814 1425 aquae
844 1328 1071 1416 emissionis,
1132 1328 1135 1333 ’

74 1469 320 1542 quocumque
355 1442 432 1515 haec
468 1445 719 1516 instrumento
759 1442 977 1542 modoque,
1009 1457 1073 1514 aut

74 1576 268 1662 quotquot
301 1560 444 1634 vicibus
477 1577 694 1659 peragatur,
721 1577 758 1635 et
787 1561 1014 1634 intrudentis
1034 1585 1072 1634 se

75 1681 173 1752 aeris
193 1677 346 1751 effectus
364 1679 428 1765 sit,
447 1678 550 1776 quod
573 1678 673 1751 haud
701 1703 787 1752 raro
804 1679 927 1751 morbi
954 1679 1073 1778 ipsius

76 1821 178 1883 esse,
192 1795 370 1869 cadavera
388 1796 592 1869 ostendunt
608 1795 903 1896 hydropicorum
918 1796 1074 1896 quibus,

75 1914 165 1986 licet
178 1940 276 2012 aqua
295 1917 426 1987 emissa
443 1940 522 1986 nou
535 1916 603 2002 sit,
623 1930 749 1988 tamen
770 1917 943 1988 intestina
968 1930 1011 1986 ut
1034 1915 1073 1985 in

76 2046 212 2102 nostro
243 2032 451 2129 nigricant3
477 2047 577 2105 certe
596 2056 674 2103 non
696 2056 824 2129 paucae
841 2028 998 2104 feliciter
1018 2048 1075 2102 rai

76 2149 184 2221 tione
201 2147 271 2219 bac
291 2147 469 2220 absolutae
486 2148 697 2219 curationes
718 2145 886 2220 eamdem
902 2161 1076 2239 tuentur,

75 2278 311 2361 tuenturque
325 2265 410 2358 ipsae
425 2262 687 2350 dissentiones,
701 2287 782 2360 quae
790 2263 895 2361 aegris
905 2261 956 2334 ob
965 2262 1076 2334 aliam

77 2403 231 2454 causam
262 2379 555 2468 intereuntibus,
586 2378 841 2479 patefecerunt
870 2381 961 2451 bene
988 2384 1078 2452 satis

77 2502 282 2574 constituto
296 2497 487 2583 intestina,
512 2495 654 2569 nullum
671 2511 794 2568 autem
807 2496 846 2566 in
864 2495 1078 2586 abdomine,

78 2613 224 2688 nedum
237 2616 275 2685 in
289 2615 493 2712 peritonaeo
506 2639 581 2712 qua
598 2629 794 2712 pertusum
811 2610 952 2702 fuerat,
972 2619 1078 2686 vesti-

77 2738 184 2832 gium
203 2733 525 2830 inflammationit,
546 2732 682 2804 nedum
694 2729 924 2830 sphacelosae
934 2755 1080 2830 corrup

84 2854 214 2936 tionis,
235 2864 277 2920 ut
292 2847 416 2921 verbis
434 2864 518 2921 utar
534 2848 730 2948 Polycarpi
739 2846 939 2946 Scacheri(
945 2851 994 2938 1),
1011 2848 1082 2918 vir·

84 2967 183 3064 ginis
195 2966 272 3063 jam
290 2963 519 3038 diuasciticae
539 2967 764 3054 sectionem,
783 2980 938 3038 mortuae
952 2979 1081 3037 octavo

77 3097 172 3182 post
182 3090 438 3180 operationem
453 3083 531 3174 die,
548 3083 741 3182 multaque
758 3102 826 3182 per
840 3083 938 3156 vices
948 3080 1083 3155 educta

84 3225 185 3297 aqua
215 3202 472 3299 proponentis.

137 3315 194 3388 32.
212 3315 284 3388 Sed
298 3326 380 3387 ra'ra
392 3315 485 3388 adeo
498 3316 598 3415 apud
607 3341 677 3389 nos
687 3331 774 3390 sunt
786 3330 848 3389 aut
863 3330 965 3390 certe
977 3328 1083 3388 eraut

85 3431 203 3504 felicis
221 3430 333 3530 hujus
352 3434 555 3505 curationis
572 3434 759 3532 exempla,
775 3449 817 3507 ut
830 3433 1007 3506 Bononiae
1019 3431 1085 3503 diu

86 3563 255 3620 moratus
286 3551 477 3623 neminem
508 3575 628 3623 unum
660 3550 868 3624 audiverim
897 3548 1084 3622 medicum
1161 3648 1164 3656 ῃ

84 3761 1082 3789 w

129 3919 174 3997 (ι)
193 3920 271 3978 Dies.
286 3941 376 3996 supra
387 3923 426 3980 ad
436 3942 467 3980 n.
482 3923 500 3981 8
513 3922 562 3982 cit·
