2580 4514
192 376 262 422 ms.
292 375 346 422 111.
376 375 424 420 nr
449 374 779 442 nonsummum,
804 377 914 425 sersr.
943 381 1070 427 xxvm.
1105 359 1156 458 39

147 490 270 575 davit,
284 489 396 560 verba
403 489 485 559 hcec
495 487 737 584 locoquidem
747 495 860 561 citato
871 490 979 562 hand
987 500 1154 590 reperiri,

145 609 302 678 minime
320 606 509 703 cogitans,
526 605 619 677 alios
637 607 745 678 aliter
763 607 890 680 divisis
911 633 954 679 ac
970 603 1036 680 sua
1054 608 1152 684 forte

145 740 294 812 essent,
315 724 594 822 exemplaribus
613 725 669 796 uti
687 749 807 822 posse.
835 730 879 797 Et
901 751 973 825 ego
996 727 1153 825 quidem

144 869 230 914 cum
256 841 448 939 Sylvestro
471 845 605 913 Mauro
630 858 712 913 tum
737 867 966 915 communem
991 870 1153 944 operum

143 961 354 1033 Aristotelis
374 965 413 1030 in
440 959 579 1047 libros,
600 977 637 1031 et
655 967 793 1058 capita.
809 960 1047 1052 divisionem,
1068 979 1151 1035 tum

143 1103 376 1149 communem
405 1079 546 1174 pariter
572 1085 807 1166 versionem,
835 1079 895 1148 vel
923 1081 1047 1175 potius
1070 1084 1153 1180 ipsa

146 1196 357 1269 Aristotelis
365 1194 481 1266 rerba
492 1195 882 1295 sepntusbperabam,
900 1197 998 1292 siqui
1011 1198 1153 1270 vellent

143 1312 330 1401 conferre,
339 1311 550 1384 secundum
563 1337 805 1384 communem
814 1313 1037 1384 divisionem
1048 1340 1165 1411 quae-·

143 1434 301 1518 situroS,
327 1446 411 1519 aut,
436 1432 467 1502 si
490 1427 587 1502 forte
613 1455 655 1500 ea
684 1445 884 1519 carerent,⁴
898 1431 938 1500 in
965 1432 1041 1508 suis
1064 1432 1152 1503 libri

142 1551 240 1621 illius
259 1547 419 1621 secundi
436 1548 667 1620 editionibus
687 1549 814 1620 locum
834 1547 941 1620 facile
958 1549 998 1619 in
1011 1575 1090 1646 quo
1103 1548 1152 1623 de

144 1665 398 1738 foecunditatis
418 1665 710 1763 probationibus
727 1667 873 1764 agitur,
889 1667 929 1736 in
950 1691 1071 1764 eoque
1088 1692 1150 1739 ea·-

141 1786 225 1857 dem
234 1785 447 1874 rerba,aut
458 1798 559 1856 certe
567 1784 739 1856 eamdem
749 1786 974 1857 sententiam
984 1801 1152 1883 repertu·

139 1926 209 1976 ros.
225 1904 458 1975 Sententiam
470 1901 616 1990 dixi3ne
630 1900 773 1974 fortein
784 1903 901 1975 verbo
914 1903 979 1975 illo
992 1929 1071 1974 uno
1082 1904 1151 1974 haa-

139 2046 219 2094 reas
229 2018 452 2108 colorencid
463 2019 564 2091 enim
578 2020 815 2092 Aristotelem
821 2022 985 2094 voluisse
995 2025 1148 2111 ,etratin

137 2140 300 2227 iudicat,
316 2153 354 2210 et
364 2137 502 2209 medici
519 2136 729 2224 affirmant,
743 2141 783 2209 in
796 2139 922 2237 iisqne
935 2139 1147 2237 Niphus(1)

138 2260 205 2357 qui
229 2271 384 2329 centnm
403 2257 537 2355 viginti
558 2270 645 2328 ante
667 2259 789 2327 Mauri
807 2258 1053 2356 paraphrasin
1075 2257 1148 2354 (a)

120 2377 268 2465 annis,
291 2374 468 2447 eumdem
491 2375 701 2447 Aristotelis
730 2389 767 2446 et
790 2374 930 2445 librum
958 2390 995 2447 et
1019 2377 1149 2449 bocum

136 2495 413 2594 explanaverat.
436 2495 537 2583 Quin
557 2495 635 2564 imo
657 2516 744 2564 cum
765 2510 887 2591 greco
909 2495 949 2564 in
968 2509 1087 2582 textu,
1105 2511 1148 2566 ut

137 2624 321 2710 parerat,
340 2609 501 2681 verbum
522 2635 601 2708 quo
619 2613 710 2682 usus
733 2626 788 2682 est
811 2612 1049 2700 Aristoteles,
1071 2615 1148 2684 ms-

136 2732 303 2828 picerem
320 2743 508 2827 κρψτίζωι,
535 2727 639 2826 quod
657 2725 826 2798 colorem
835 2778 850 2816 ,
872 2734 1037 2826 tingant,
1065 2733 1149 2826 infla

136 2854 239 2919 ciant
273 2864 374 2920 certe
414 2844 598 2945 significat
622 2872 633 2934 ;
666 2844 822 2914 minime
859 2844 1053 2933 dubitavi,
1094 2849 1149 2918 sic

136 2989 215 3038 esse
232 2965 495 3051 reddendum,
510 2980 546 3037 et
560 2961 686 3050 facile,
698 2980 827 3034 errore
846 2987 1050 3060 operarum
1066 2990 1147 3038 esse

136 3080 296 3173 iactum,
310 3099 353 3155 ut
367 3084 590 3155 inversione
601 3088 672 3180 pro
686 3081 855 3177 inficiant
863 3082 992 3179 inepte
1002 3083 1149 3178 legatur

128 3204 346 3299 perficiant.
362 3205 455 3295 Quae
475 3201 690 3298 interjicere
708 3201 770 3270 hic
790 3200 918 3287 volui,
940 3202 1147 3296 nequando

138 3319 328 3413 ejusmodi
346 3320 617 3406 haesitationes,
637 3333 701 3388 aut
718 3342 895 3389 censuras
914 3319 953 3388 in
971 3318 1148 3407 laudatis,

136 3459 207 3507 nec
221 3439 338 3510 semel
349 3438 515 3509 excussis
535 3436 861 3508 dissertationibus
884 3436 1079 3534 legenter,
1103 3463 1148 3508 ex

131 3578 221 3624 meo
249 3542 438 3654 perpetuo
457 3555 628 3643 silentio,
647 3556 841 3652 magisque
868 3580 913 3624 ex
929 3578 1059 3624 eorum
1081 3558 1148 3652 qni

175 3839 220 3917 (1)
241 3843 351 3916 Expos.
366 3842 396 3897 in
409 3843 429 3896 l.
445 3859 477 3911 2,
492 3816 616 3897 Aristot.
633 3841 669 3895 de
681 3851 811 3915 generat.
826 3839 945 3894 animal.

175 3935 220 4016 (a)
239 3938 344 4013 Ejusd.
355 3943 375 3998 l.
388 3961 454 4014 a‚c.
468 3940 501 4013 5,
516 3951 572 3996 art.
588 3939 653 3998 tad
663 3958 693 3994 n.
710 3958 756 3996 11.

333 4183 341 4213 p
417 4178 420 4186 .
