2580 4514
142 370 215 464 434
306 398 352 447 nr
378 396 523 446 srnrrus
549 397 593 444 rr
617 394 742 445 crusis
766 395 983 447 nortorum

142 514 199 583 nit
222 510 381 581 duorum
403 533 622 608 pugnorum
648 508 934 605 magnitudine,
963 526 1029 583 aut
1058 534 1129 585 cum

140 628 331 699 Fernelius
349 628 381 723 (1
369 625 403 722 1)
421 651 442 696 a
460 624 535 697 bile
553 641 781 722 exuperante
800 632 840 696 in
855 632 1043 724 ingentem
1056 655 1131 701 non

140 768 335 840 nunquam
358 741 520 814 distendi
541 740 852 839 magnitudinem,
880 745 1056 842 scripsit;
1079 746 1131 818 scd

139 862 239 959 apud
253 861 480 932 recentiores
495 884 665 957 quoque,
679 874 821 957 utputa
835 863 1134 962 Zwingerumis),

139 979 204 1076 qui
226 975 397 1075 sextuplo
419 981 563 1047 circiter
583 977 763 1071 majorem
789 975 904 1059 vidit,
938 982 1132 1076 praesertim

137 1119 226 1167 vero
240 1094 430 1190 juniorem
449 1096 663 1189 Verneyum
674 1089 729 1187 (3)
744 1108 781 1163 et
796 1095 1021 1191 Yungium‚
1040 1096 1134 1192 cujus

136 1211 196 1283 vel
230 1208 511 1281 monstrosioris
542 1207 800 1306 amplitudinis
835 1208 1133 1285 observationem

139 1341 409 1425 commemorat
421 1323 507 1397 Ahr.
528 1328 686 1397 Vaterus
703 1326 775 1421 (ἰὼ
792 1339 834 1396 ut
847 1327 1054 1423 postillam
1068 1355 1133 1401 non

138 1446 288 1519 credam
309 1467 387 1515 esse
411 1468 532 1541 operae
558 1443 721 1540 pretium
745 1442 834 1513 alias
853 1470 940 1541 quaa
966 1445 1134 1545 deinceps

138 1560 330 1660 productae
351 1574 459 1647 sunt,
478 1558 643 1629 indicare
666 1584 745 1664 nec¹
766 1584 937 1656 quaerere
958 1563 1132 1660 amplius,

138 1694 277 1776 quanta
303 1680 413 1773 cystis
433 1690 582 1774 reperta
603 1674 650 1746 ab
667 1672 840 1747 Lancisio
865 1673 1003 1767 fuerit,
1031 1705 1133 1779 quam

137 1810 292 1894 propter
308 1794 492 1890 insignem
512 1792 788 1891 longitudinem
815 1792 1037 1869 describere
1057 1801 1133 1871 Pac·

137 1910 296 1982 chionus
310 1912 348 1980 in
364 1911 489 1980 animo
507 1908 668 1981 habebat
681 1963 691 1999 ,
706 1910 814 1981 sicuti
829 1912 939 1984 estin
954 1912 1071 2012 hujus
1080 1915 1128 1986 iit·

136 2028 225 2100 teris
239 2053 339 2098 anno
365 2051 456 2125 1710
470 2026 517 2098 ad
537 2051 596 2097 me
614 2025 728 2098 datis:
745 2052 969 2126 quanquam
988 2028 1132 2103 minima

137 2145 367 2244 negligendae
385 2160 475 2215 sunt
494 2143 776 2216 observationes
797 2143 880 2216 duae
899 2172 999 2251 quas
1021 2173 1131 2249 nuper

136 2264 236 2362 apud
258 2262 527 2361 amplissimum
546 2263 786 2334 Swietenium
805 2259 859 2357 (5)
877 2263 1054 2361 legebam
1067 2293 1080 2357 3
1094 2266 1131 2338 ii·

134 2381 241 2452 lustr.
262 2378 618 2476 Edimhnrgensium
644 2378 778 2468 altera,
800 2381 866 2478 qui
892 2384 1031 2478 cystim
1056 2399 1131 2456 octo

137 2496 251 2569 libras
280 2495 365 2569 hilis
392 2499 671 2583 continentem,
692 2495 807 2595 idque
832 2497 873 2568 in
898 2497 1132 2573 duodecenni

136 2638 257 2714 puero
283 2612 635 2712 deprehenderunt;
663 2614 779 2711 ipsius
802 2613 985 2707 alteram,
1009 2619 1131 2715 quiin

138 2734 293 2804 muliere
311 2732 440 2829 cystim
455 2729 624 2802 camdem
639 2732 822 2828 comperit
831 2731 1038 2806 distentam
1050 2734 1132 2807 adeo

139 2865 179 2922 ut
195 2850 240 2921 ad
255 2874 297 2921 os
314 2873 434 2945 usque
450 2848 556 2918 ilium
570 2846 765 2919 dexterum
786 2852 1028 2946 perveniret,
1039 2850 1129 2951 quod

138 2969 293 3040 interos
312 2982 347 3038 et
363 2979 483 3037 costas
496 2965 587 3035 imas
602 2964 661 3037 vel
680 2979 884 3062 antequam
915 2970 1130 3042 macilentis·

138 3086 272 3156 simum
289 3083 445 3154 cadaver
464 3079 711 3170 incideretur,
731 3105 797 3153 sua
818 3082 899 3179 ipsa
926 3086 1033 3158 mole
1056 3110 1129 3185 pm·

136 3302 306 3322 *⁶¹⁶¹*-

178 3458 223 3537 (1)
241 3458 357 3515 Pathol.
370 3459 391 3515 1.
404 3458 437 3529 6,
455 3478 481 3515 c.
495 3457 523 3514 5.

107 3602 110 3607 ’
177 3578 221 3656 (a)
177 3579 310 3651 (.Act
326 3579 363 3633 N.
378 3579 411 3634 C.
427 3562 528 3633 tomi
539 3619 548 3648 ,
561 3578 626 3633 obs.
641 3576 689 3649 78.

242 3697 332 3750 Mem.
345 3694 382 3749 de
397 3693 509 3748 l'Acad.
525 3695 599 3769 Roy.
618 3692 669 3749 des
680 3691 744 3762 Sc,
758 3709 807 3746 an.
823 3710 912 3763 17⁰¹·

192 3696 208 3754 3

178 3696 222 3891 Ι(45
243 3811 366 3867 Dissert,
382 3828 441 3885 qua
455 3809 560 3865 calcul.
575 3808 607 3863 in
622 3826 700 3864 vers.
713 3806 772 3863 fell.
789 3817 845 3862 etc.
862 3804 938 3867 thes.
953 3806 984 3869 5.
1052 3862 1055 3867 ,

179 3927 223 4005 (5)
243 3930 405 3984 Commeat.
423 3925 454 3981 in
468 3924 576 3981 Boerh.
590 3924 660 3999 aph·
674 3926 690 3994 ς
702 3920 760 3998 935
770 3932 799 3991 ct
810 3919 881 3998 950.
