2580 4514
158 378 227 459 [μα
323 394 369 440 nr
395 392 541 441 sumnus
565 393 610 440 nr
634 390 759 440 ctnsrs
784 390 997 440 uounounu

170 625 402 648 mm

180 822 411 898 EPISTOLA
435 822 944 898 auttofflco-Muutca
966 822 1116 898 mill
1178 854 1200 907 r·

212 1062 271 1129 De
285 1061 408 1128 Ictero
422 1081 543 1129 sermo
561 1071 632 1147 est,
651 1057 753 1131 etde
773 1056 941 1131 Calculo
958 1055 1096 1131 hittone
1180 994 1199 1023 Ἰ

118 1380 122 1388 -
159 1272 280 1401 Sm
296 1329 391 1402 adeo
407 1353 494 1402 cum
513 1330 661 1430 hepatis
680 1332 799 1420 vitiis,
815 1330 866 1405 de
887 1330 1037 1431 quibus
1050 1330 1138 1433 potis·

160 1448 297 1519 simum
326 1450 534 1546 proximam
554 1449 602 1520 ad
624 1464 661 1521 te
681 1448 878 1549 epistolam
899 1451 1056 1549 scripsi,
1077 1471 1141 1519 eor·

154 1563 329 1662 jungitur
344 1564 503 1638 morbus
517 1567 664 1665 regius,
678 1581 719 1638 ut
734 1581 836 1638 recte
853 1565 896 1637 in
918 1565 1141 1665 Sepuicbreto

158 1678 308 1751 duabus
326 1680 372 1752 de
389 1682 462 1755 illis
480 1683 579 1755 vitiis
606 1681 835 1757 sectionibus
867 1684 1062 1756 continuo
1082 1678 1143 1755 sub
1196 1780 1198 1785 Ι

146 1790 256 1893 {jecta
273 1799 321 1868 sit
335 1802 457 1869 xvlll
474 1801 687 1899 sectioquae
701 1798 748 1872 de
768 1800 842 1873 hoc
860 1794 1013 1873 morbo
1024 1798 1145 1897 inscrip
1171 1790 1175 1801 ’

159 1928 196 1984 ta
215 1928 280 1985 est.
308 1913 365 1985 Ad
384 1941 469 1987 eum
495 1933 637 2017 spectat
653 1916 732 1990 haec
751 1917 937 1990 Valsalvae
967 1918 1084 1991 nostri
1097 1913 1146 1987 ob
1195 1912 1198 1925 '

160 2046 332 2104 servatro.

211 2178 243 2223 a.
262 2151 443 2225 Sacerdos
460 2153 629 2250 juvenis,
648 2152 763 2251 paulo
778 2168 866 2252 post
884 2150 1151 2253 quamdamani

160 2270 213 2339 mi
231 2270 579 2367 perturbationem,
596 2272 701 2371 regio
726 2286 929 2369 correptus
953 2273 1092 2347 morbo
1107 2269 1155 2343 de·

161 2385 311 2475 cubuit,
326 2411 413 2460 cum
434 2389 566 2461 dolore
579 2389 626 2460 ad
648 2391 841 2490 regionem
855 2390 1054 2466 stomachi
1065 2405 1156 2463 etro·
1193 2394 1196 2399 '

160 2504 256 2575 mitu
284 2531 363 2603 quo
388 2507 514 2579 cibum
544 2531 639 2605 saepe
664 2522 701 2579 et
728 2507 1017 2583 medicamenta
1040 2506 1156 2607 rejecit

159 2623 317 2693 Interim
335 2624 420 2694 alvo
439 2624 582 2722 dejecta
601 2621 852 2697 albescebant.
866 2628 963 2711 Uno
981 2642 1051 2700 aut
1063 2626 1160 2699 altero

160 2756 290 2814 exacto
306 2741 387 2828 die,
409 2742 600 2840 inquietus
616 2767 712 2841 teger
738 2758 776 2815 et
795 2741 1093 2841 quodammodo
1109 2742 1161 2813 be·

159 2856 226 2930 bes
245 2858 579 2950 animadvertitur,
605 2875 648 2932 ut
671 2874 911 2932 narratorum
937 2861 1163 2935 obliviscere·

159 2989 231 3047 tur.
252 2976 389 3048 Medici
407 2975 569 3065 febrem,
589 2979 660 3051 nisi
674 2979 786 3051 tertio
805 2992 976 3053 exeunte
998 2980 1082 3069 dic,
1096 3000 1161 3049 non

159 3092 413 3166 adnotarunt:
430 3122 507 3193 quo
519 3111 691 3194 tempore
709 3121 748 3171 se
765 3094 941 3196 prodidit
954 3122 1101 3197 magno
1109 3097 1162 3167 in·

159 3224 252 3308 petu
271 3236 357 3284 cum
376 3213 511 3285 delirio
523 3230 561 3287 et
577 3211 891 3287 convulsionibus
907 3214 1118 3311 ejusmodi,
1129 3222 1163 3283 ut

160 3324 259 3425 aeg‘er
277 3328 454 3402 dentibus
474 3333 600 3403 omnia
629 3330 765 3403 rodere
795 3346 1030 3429 cogeretur,
1056 3348 1092 3407 et
1116 3332 1163 3401 in·

162 3447 265 3544 genti
297 3447 384 3518 nisu
414 3448 695 3548 propemodum
722 3462 921 3547 superaret
946 3448 1162 3525 adstantium

161 3565 279 3637 vires:
294 3587 380 3636 cum
399 3563 458 3638 his
475 3568 641 3641 vomitus
655 3565 813 3666 urgebat
832 3564 1089 3642 subobscura·
1101 3586 1163 3639 rna·

160 3684 271 3756 teriae.
293 3688 405 3756 Mane
416 3709 513 3756 vena
527 3701 695 3776 secatur,
712 3684 815 3757 unde
834 3688 996 3786 sanguis
1008 3712 1096 3762 cum
1109 3686 1162 3755 in·

160 3816 254 3900 petu
264 3802 385 3875 exsilit
400 3828 408 3871 τ
424 3803 534 3899 cujus
549 3827 694 3891 serum,
712 3801 778 3876 ubi
795 3830 816 3875 a
832 3821 1023 3879 concreta
1033 3801 1163 3880 secessit

160 3933 288 4017 parte,
308 3920 531 3997 immersum
560 3920 758 3997 linteolum
775 3920 874 3996 flavo
895 3920 1097 4001 inficiebat
1113 3942 1162 3995 co·
