2580 4514
227 377 275 450 60
395 402 441 449 or,
466 394 611 448 sautans
636 403 680 447 nr
705 399 829 446 cartsrs
855 397 1064 446 Moaroauru

230 537 310 583 non
337 515 616 602 cruciarentur,
642 538 720 609 quo
741 513 977 583 consentiens
999 505 1236 580 ventriculus·

230 629 463 718 tentabatur3
483 655 503 700 a
522 632 600 702 veri
617 630 860 709 similitudine
876 653 955 698 non
972 624 1233 723 longeabhor·

235 745 351 834 reb0,
368 749 397 818 si
418 749 549 844 quoin
566 745 721 818 homine
746 761 821 816 tam
842 744 998 832 crebro,
1023 758 1099 816 tam
1127 738 1235 812 facile

233 878 291 935 tot
305 866 411 935 nervi
424 864 726 949 resolvebantur,
743 865 781 934 in
800 862 932 934 eodem
951 862 1149 957 conjiciam
1170 880 1234 929 eos

161 1051 164 1055 ,
236 1006 390 1079 quoque
416 1006 552 1054 nervos
572 982 758 1053 resolutos
780 979 891 1051 fuisse
911 981 976 1076 qui
992 979 1038 1049 ad
1059 977 1236 1049 intestina

236 1098 485 1195 pertinebant.
512 1104 591 1169 lam
615 1123 705 1170 vero
731 1097 807 1168 huc
833 1097 1012 1193 quasdam
1032 1121 1076 1166 ex
1096 1094 1234 1166 nostris

238 1216 368 1304 etiam,
393 1232 435 1288 ut
457 1217 723 1314 promisimus,
744 1214 1071 1318 observationibus
1096 1213 1235 1285 adscri-

236 1329 391 1404 bamus,
1051 1395 1056 1407 .

291 1477 343 1520 η.
356 1446 506 1520 Femina
516 1465 703 1522 annorum
714 1451 759 1522 ad
773 1450 1037 1579 quapraginta,
1050 1472 1133 1545 quae
1146 1447 1237 1518 salsa

239 1567 464 1663 plerumque
483 1567 703 1653 comedere,
723 1565 810 1638 vino
824 1558 955 1641 'aulem
976 1589 1160 1663 generoso
1184 1561 1237 1632 uti

242 1699 508 1770 consueverat,
525 1709 545 1754 a
561 1683 734 1781 plurimis
750 1685 826 1780 jam
849 1686 960 1759 aunis
976 1681 1140 1752 obnoxia
1162 1691 1239 1749 erat

240 1790 440 1871 ventriculi
450 1799 761 1899 doloribus,quos
773 1802 939 1897 dejectus
951 1799 1122 1871 ciborum
1131 1819 1227 1894 appe
1240 1807 1243 1813 ’

244 1917 334 1988 titus
349 1933 385 1989 et
409 1943 568 2006 nausea,
590 1944 677 1990 mox
697 1920 807 1997 etiam
822 1921 960 1989 iteratae
972 1916 1164 2013 sanguinis
1177 1938 1240 1984 vo-

243 2033 418 2104 mitiones
435 2061 520 2106 cum
535 2032 638 2113 febre
654 2018 849 2123 conlibua,
867 2036 1019 2132 vigiliis,
1037 2035 1096 2103 siti
1109 2054 1241 2129 seque·
1268 2030 1284 2109 ’,

244 2149 393 2222 bantur.
425 2157 469 2223 Et
499 2154 669 2250 quamvis
702 2164 953 2224 contrectatus
984 2152 1116 2222 venter
1148 2148 1243 2220 nibil

244 2292 403 2364 usquam
425 2268 511 2340 duri
528 2269 804 2341 observandum
818 2270 1007 2368 praeberet
1027 2268 1074 2340 ab
1087 2268 1242 2365 regione

244 2399 370 2456 tamen
394 2388 592 2458 ventriculi
612 2390 721 2458 etiam
743 2403 822 2458 tum
848 2413 933 2461 cum
951 2388 1098 2486 gravior
1115 2385 1243 2458 aberat

247 2503 368 2588 dolor,
386 2504 444 2574 vel
458 2505 559 2574 nulla
576 2507 768 2603 pressione
784 2503 967 2591 adhibita,
984 2506 1165 2576 molestus
1182 2504 1245 2573 ali-

245 2622 330 2716 quis'
341 2619 501 2693 subinde
510 2647 638 2694 seusus
650 2648 728 2692 non
741 2623 878 2696 aberat.
888 2622 1124 2714 Querebatur
1134 2624 1245 2693 etiam

248 2737 293 2808 de
321 2737 482 2827 lumbis,
511 2739 575 2811 sed
609 2755 700 2811 tunc
729 2741 850 2811 solum
881 2765 966 2810 cum
994 2739 1246 2836 autaliquem

248 2856 428 2951 majorem
447 2859 558 2929 solito
574 2857 742 2929 laborem
760 2856 919 2945 ferebat,
939 2874 1117 2929 antonus
1136 2856 1247 2929 attol-

247 2972 356 3044 lebat.
376 2980 589 3047 Accesserat
601 2978 757 3073 insuper
770 2976 972 3073 aliquando
988 2977 1117 3073 capitis
1137 2975 1248 3046 dolor

248 3092 578 3186 pertinacissimus,
590 3092 777 3165 Adversus
790 3096 934 3181 omnia,
948 3119 1030 3196 quae
1043 3107 1249 3162 memorata

249 3209 559 3296 sunt,ventriculi
572 3212 827 3297 incommoda,
839 3213 1151 3308 quotiescumque
1170 3236 1250 3308 gra·

249 3327 332 3398 vius
351 3326 798 3415 recurrebant,levamen
817 3354 965 3427 semper
978 3329 1150 3400 attulerat
1168 3337 1251 3399 san·v

251 3443 374 3539 guinis
400 3445 552 3516 missio:
580 3447 687 3518 valde
712 3450 821 3518 etiam
849 3444 1068 3544 profuerant
1094 3448 1252 3544 copiosae

251 3562 444 3656 potioneS,
464 3589 566 3660 aquae
579 3549 628 3634 lin
648 3588 722 3661 qna
742 3564 837 3636 nihil
856 3567 927 3636 nisi
950 3566 1056 3662 panis
1072 3563 1251 3637 bulliret:

251 3677 297 3748 ab
318 3679 498 3752 diuturno
518 3697 641 3754 autem
655 3681 759 3755 lactis
769 3708 838 3755 usu
850 3709 930 3754 non
940 3683 1054 3755 semel
1065 3684 1255 3756 convales-

254 3820 336 3868 cere
362 3801 438 3870 visa
459 3816 541 3888 est,
568 3802 813 3897 animumque
835 3801 996 3872 addebat
1019 3803 1168 3898 sanguis
1190 3801 1255 3899 qui

253 3936 400 4014 semper
419 3919 573 4016 singulis
598 3919 791 3992 mensibus
807 3935 1049 4041 percuterum,
1067 3919 1114 3990 ad
1128 3921 1257 3992 mortis
