<?xml version="1.0" encoding="UTF-8"?>
<!DOCTYPE html PUBLIC "-//W3C//DTD XHTML 1.0 Transitional//EN"
    "http://www.w3.org/TR/xhtml1/DTD/xhtml1-transitional.dtd">
<html xmlns="http://www.w3.org/1999/xhtml" xml:lang="en" lang="en">
 <head>
  <title>
</title>
<meta http-equiv="Content-Type" content="text/html;charset=utf-8" />
  <meta name='ocr-system' content='tesseract 3.04.00' />
  <meta name='ocr-capabilities' content='ocr_page ocr_carea ocr_par ocr_line ocrx_word'/>
</head>
<body>
  <div class='ocr_page' id='page_1' title='image "./desedibusetcaus00adelgoog_0523.png"; bbox 0 0 2580 4514; ppageno 0'>
   <div class='ocr_carea' id='block_1_1' title="bbox 138 387 962 469">
    <p class='ocr_par' dir='ltr' id='par_1_1' title="bbox 138 387 962 469">
     <span class='ocr_line' id='line_1_1' title="bbox 138 387 962 469; baseline 0 -9"><span class='ocrx_word' id='word_1_1' title='bbox 138 387 207 461; x_wconf 80' lang='lat'>528</span> <span class='ocrx_word' id='word_1_2' title='bbox 280 412 327 458; x_wconf 72' lang='lat' dir='ltr'>ns</span> <span class='ocrx_word' id='word_1_3' title='bbox 353 411 499 469; x_wconf 77' lang='lat' dir='ltr'>sumnus</span> <span class='ocrx_word' id='word_1_4' title='bbox 523 413 568 458; x_wconf 82' lang='lat' dir='ltr'>nr</span> <span class='ocrx_word' id='word_1_5' title='bbox 592 410 717 458; x_wconf 79' lang='lat' dir='ltr'>cuusrs</span> <span class='ocrx_word' id='word_1_6' title='bbox 743 412 962 460; x_wconf 73' lang='lat' dir='ltr'>nonnonuu</span> 
     </span>
    </p>
   </div>
   <div class='ocr_carea' id='block_1_2' title="bbox 136 522 1165 3669">
    <p class='ocr_par' dir='ltr' id='par_1_2' title="bbox 136 522 1165 3669">
     <span class='ocr_line' id='line_1_2' title="bbox 138 522 1117 624; baseline -0.001 -29"><span class='ocrx_word' id='word_1_7' title='bbox 138 524 257 610; x_wconf 85' lang='lat' dir='ltr'>leves,</span> <span class='ocrx_word' id='word_1_8' title='bbox 273 522 404 610; x_wconf 87' lang='lat' dir='ltr'>llavos,</span> <span class='ocrx_word' id='word_1_9' title='bbox 429 523 613 594; x_wconf 87' lang='lat' dir='ltr'>lamellata</span> <span class='ocrx_word' id='word_1_10' title='bbox 639 548 850 621; x_wconf 85' lang='lat' dir='ltr'>compage,</span> <span class='ocrx_word' id='word_1_11' title='bbox 871 525 1117 624; x_wconf 82' lang='lat' dir='ltr'>angulososls</span> 
     </span>
     <span class='ocr_line' id='line_1_3' title="bbox 136 639 1118 740; baseline 0 -30"><span class='ocrx_word' id='word_1_12' title='bbox 136 657 224 739; x_wconf 90' lang='lat' dir='ltr'>post</span> <span class='ocrx_word' id='word_1_13' title='bbox 253 641 421 711; x_wconf 88' lang='lat' dir='ltr'>triduum</span> <span class='ocrx_word' id='word_1_14' title='bbox 455 656 649 729; x_wconf 88' lang='lat' dir='ltr'>mortuus,</span> <span class='ocrx_word' id='word_1_15' title='bbox 677 639 814 714; x_wconf 85' lang='lat' dir='ltr'>habuit</span> <span class='ocrx_word' id='word_1_16' title='bbox 840 644 882 712; x_wconf 91' lang='lat' dir='ltr'>in</span> <span class='ocrx_word' id='word_1_17' title='bbox 918 642 1035 740; x_wconf 84' lang='lat' dir='ltr'>cysti‚</span> <span class='ocrx_word' id='word_1_18' title='bbox 1061 664 1118 738; x_wconf 89' lang='lat' dir='ltr'>qua</span> 
     </span>
     <span class='ocr_line' id='line_1_4' title="bbox 136 756 1119 855; baseline -0.001 -27"><span class='ocrx_word' id='word_1_19' title='bbox 136 774 382 855; x_wconf 73' lang='lat' dir='ltr'>magnacum,</span> <span class='ocrx_word' id='word_1_20' title='bbox 403 783 561 830; x_wconf 82' lang='lat' dir='ltr'>massam</span> <span class='ocrx_word' id='word_1_21' title='bbox 582 785 627 829; x_wconf 83' lang='lat' dir='ltr'>ex</span> <span class='ocrx_word' id='word_1_22' title='bbox 642 756 748 829; x_wconf 81' lang='lat' dir='ltr'>fulvo</span> <span class='ocrx_word' id='word_1_23' title='bbox 761 759 936 831; x_wconf 88' lang='lat' dir='ltr'>obscuro</span> <span class='ocrx_word' id='word_1_24' title='bbox 955 759 1119 832; x_wconf 85' lang='lat' dir='ltr'>caeruleau</span> 
     </span>
     <span class='ocr_line' id='line_1_5' title="bbox 139 874 1120 972; baseline -0.003 -25"><span class='ocrx_word' id='word_1_25' title='bbox 139 890 174 947; x_wconf 89' lang='lat' dir='ltr'>ct</span> <span class='ocrx_word' id='word_1_26' title='bbox 194 878 460 961; x_wconf 81' lang='lat' dir='ltr'>virescentem,</span> <span class='ocrx_word' id='word_1_27' title='bbox 482 899 641 972; x_wconf 88' lang='lat' dir='ltr'>eamque</span> <span class='ocrx_word' id='word_1_28' title='bbox 664 874 843 965; x_wconf 87' lang='lat' dir='ltr'>mollem,</span> <span class='ocrx_word' id='word_1_29' title='bbox 867 879 911 947; x_wconf 92' lang='lat' dir='ltr'>in</span> <span class='ocrx_word' id='word_1_30' title='bbox 939 876 1060 948; x_wconf 87' lang='lat' dir='ltr'>medio</span> <span class='ocrx_word' id='word_1_31' title='bbox 1075 899 1120 944; x_wconf 87' lang='lat' dir='ltr'>au·</span> 
     </span>
     <span class='ocr_line' id='line_1_6' title="bbox 137 989 1165 1091; baseline -0.005 -27"><span class='ocrx_word' id='word_1_32' title='bbox 137 1007 213 1064; x_wconf 84' lang='lat' dir='ltr'>tem</span> <span class='ocrx_word' id='word_1_33' title='bbox 230 989 364 1062; x_wconf 89' lang='lat' dir='ltr'>ductus</span> <span class='ocrx_word' id='word_1_34' title='bbox 384 994 534 1088; x_wconf 83' lang='lat' dir='ltr'>cystiei3</span> <span class='ocrx_word' id='word_1_35' title='bbox 554 1007 590 1062; x_wconf 91' lang='lat' dir='ltr'>et</span> <span class='ocrx_word' id='word_1_36' title='bbox 608 993 651 1061; x_wconf 86' lang='lat' dir='ltr'>¹iu</span> <span class='ocrx_word' id='word_1_37' title='bbox 673 994 876 1063; x_wconf 91' lang='lat' dir='ltr'>communi</span> <span class='ocrx_word' id='word_1_38' title='bbox 902 993 973 1064; x_wconf 89' lang='lat' dir='ltr'>ubi</span> <span class='ocrx_word' id='word_1_39' title='bbox 999 992 1121 1089; x_wconf 82' lang='lat' dir='ltr'>oblique</span> <span class='ocrx_word' id='word_1_40' title='bbox 1163 1022 1165 1091; x_wconf 68' lang='lat' dir='ltr'>f</span> 
     </span>
     <span class='ocr_line' id='line_1_7' title="bbox 138 1106 1165 1196; baseline -0.001 -18"><span class='ocrx_word' id='word_1_41' title='bbox 138 1109 217 1180; x_wconf 91' lang='lat' dir='ltr'>hiat</span> <span class='ocrx_word' id='word_1_42' title='bbox 231 1106 268 1178; x_wconf 89' lang='lat' dir='ltr'>in</span> <span class='ocrx_word' id='word_1_43' title='bbox 288 1108 506 1180; x_wconf 90' lang='lat' dir='ltr'>duodenum</span> <span class='ocrx_word' id='word_1_44' title='bbox 537 1109 776 1196; x_wconf 91' lang='lat' dir='ltr'>intestinum,</span> <span class='ocrx_word' id='word_1_45' title='bbox 795 1108 1012 1182; x_wconf 71' lang='lat' dir='ltr'>haerentem</span> <span class='ocrx_word' id='word_1_46' title='bbox 1041 1122 1122 1179; x_wconf 88' lang='lat' dir='ltr'>mate·</span> <span class='ocrx_word' id='word_1_47' title='bbox 1163 1184 1165 1189; x_wconf 59' lang='grc'>,</span> 
     </span>
     <span class='ocr_line' id='line_1_8' title="bbox 137 1225 1165 1323; baseline -0.007 -25"><span class='ocrx_word' id='word_1_48' title='bbox 137 1227 231 1298; x_wconf 87' lang='lat' dir='ltr'>riam</span> <span class='ocrx_word' id='word_1_49' title='bbox 250 1227 360 1323; x_wconf 90' lang='lat' dir='ltr'>paulo</span> <span class='ocrx_word' id='word_1_50' title='bbox 375 1225 527 1322; x_wconf 86' lang='lat' dir='ltr'>quidem</span> <span class='ocrx_word' id='word_1_51' title='bbox 546 1226 671 1296; x_wconf 90' lang='lat' dir='ltr'>minus</span> <span class='ocrx_word' id='word_1_52' title='bbox 690 1225 870 1315; x_wconf 86' lang='lat' dir='ltr'>mollem,</span> <span class='ocrx_word' id='word_1_53' title='bbox 889 1228 946 1298; x_wconf 91' lang='lat' dir='ltr'>sic</span> <span class='ocrx_word' id='word_1_54' title='bbox 968 1242 1083 1299; x_wconf 87' lang='lat' dir='ltr'>tamen</span> <span class='ocrx_word' id='word_1_55' title='bbox 1096 1236 1123 1293; x_wconf 90' lang='lat' dir='ltr'>ut</span> <span class='ocrx_word' id='word_1_56' title='bbox 1163 1226 1165 1309; x_wconf 81' lang='lat' dir='ltr'><strong>j</strong></span> 
     </span>
     <span class='ocr_line' id='line_1_9' title="bbox 139 1339 1165 1440; baseline -0.004 -26"><span class='ocrx_word' id='word_1_57' title='bbox 139 1344 186 1416; x_wconf 88' lang='lat' dir='ltr'>ab</span> <span class='ocrx_word' id='word_1_58' title='bbox 202 1343 245 1414; x_wconf 88' lang='lat' dir='ltr'>iis</span> <span class='ocrx_word' id='word_1_59' title='bbox 266 1342 442 1414; x_wconf 89' lang='lat' dir='ltr'>ductibus</span> <span class='ocrx_word' id='word_1_60' title='bbox 452 1344 491 1413; x_wconf 93' lang='lat' dir='ltr'>in</span> <span class='ocrx_word' id='word_1_61' title='bbox 505 1341 677 1440; x_wconf 84' lang='lat' dir='ltr'>globulos</span> <span class='ocrx_word' id='word_1_62' title='bbox 690 1339 937 1415; x_wconf 83' lang='lat' dir='ltr'>conformata</span> <span class='ocrx_word' id='word_1_63' title='bbox 948 1346 1044 1416; x_wconf 82' lang='lat' dir='ltr'>esset</span> <span class='ocrx_word' id='word_1_64' title='bbox 1055 1341 1123 1413; x_wconf 88' lang='lat' dir='ltr'>duos</span> <span class='ocrx_word' id='word_1_65' title='bbox 1163 1380 1165 1385; x_wconf 95' lang='lat'>·</span> 
     </span>
     <span class='ocr_line' id='line_1_10' title="bbox 141 1458 1125 1556; baseline -0.002 -25"><span class='ocrx_word' id='word_1_66' title='bbox 141 1459 526 1556; x_wconf 57' lang='lat' dir='ltr'>oblongo-rotundum</span> <span class='ocrx_word' id='word_1_67' title='bbox 543 1461 582 1529; x_wconf 92' lang='lat' dir='ltr'>in</span> <span class='ocrx_word' id='word_1_68' title='bbox 594 1460 678 1531; x_wconf 92' lang='lat' dir='ltr'>colo</span> <span class='ocrx_word' id='word_1_69' title='bbox 689 1458 1125 1556; x_wconf 87' lang='lat' dir='ltr'>deniquecalculosquiu·</span> 
     </span>
     <span class='ocr_line' id='line_1_11' title="bbox 141 1575 1124 1676; baseline -0.007 -26"><span class='ocrx_word' id='word_1_70' title='bbox 141 1578 262 1650; x_wconf 85' lang='lat' dir='ltr'>decim</span> <span class='ocrx_word' id='word_1_71' title='bbox 290 1579 329 1647; x_wconf 93' lang='lat' dir='ltr'>in</span> <span class='ocrx_word' id='word_1_72' title='bbox 357 1603 473 1649; x_wconf 91' lang='lat' dir='ltr'>unum</span> <span class='ocrx_word' id='word_1_73' title='bbox 500 1577 653 1676; x_wconf 88' lang='lat' dir='ltr'>globum</span> <span class='ocrx_word' id='word_1_74' title='bbox 681 1592 931 1676; x_wconf 79' lang='lat' dir='ltr'>compactoS‚</span> <span class='ocrx_word' id='word_1_75' title='bbox 961 1577 1025 1651; x_wconf 89' lang='lat' dir='ltr'>sed</span> <span class='ocrx_word' id='word_1_76' title='bbox 1047 1575 1124 1647; x_wconf 82' lang='lat' dir='ltr'>facile</span> 
     </span>
     <span class='ocr_line' id='line_1_12' title="bbox 141 1693 1125 1794; baseline -0.007 -28"><span class='ocrx_word' id='word_1_77' title='bbox 141 1695 390 1794; x_wconf 84' lang='lat' dir='ltr'>separandos,</span> <span class='ocrx_word' id='word_1_78' title='bbox 403 1695 575 1766; x_wconf 90' lang='lat' dir='ltr'>nondum</span> <span class='ocrx_word' id='word_1_79' title='bbox 595 1695 689 1766; x_wconf 88' lang='lat' dir='ltr'>adeo</span> <span class='ocrx_word' id='word_1_80' title='bbox 703 1693 844 1783; x_wconf 87' lang='lat' dir='ltr'>duros,</span> <span class='ocrx_word' id='word_1_81' title='bbox 860 1711 905 1766; x_wconf 89' lang='lat' dir='ltr'>ut</span> <span class='ocrx_word' id='word_1_82' title='bbox 927 1696 998 1794; x_wconf 90' lang='lat' dir='ltr'>qui</span> <span class='ocrx_word' id='word_1_83' title='bbox 1011 1693 1125 1767; x_wconf 80' lang='lat' dir='ltr'>fuerant</span> 
     </span>
     <span class='ocr_line' id='line_1_13' title="bbox 141 1812 1125 1911; baseline -0.007 -26"><span class='ocrx_word' id='word_1_84' title='bbox 141 1814 287 1908; x_wconf 87' lang='lat' dir='ltr'>dejecti.</span> <span class='ocrx_word' id='word_1_85' title='bbox 315 1817 447 1909; x_wconf 87' lang='lat' dir='ltr'>Itaque</span> <span class='ocrx_word' id='word_1_86' title='bbox 472 1814 599 1911; x_wconf 87' lang='lat' dir='ltr'>negari</span> <span class='ocrx_word' id='word_1_87' title='bbox 620 1837 697 1883; x_wconf 90' lang='lat' dir='ltr'>non</span> <span class='ocrx_word' id='word_1_88' title='bbox 717 1827 870 1910; x_wconf 88' lang='lat' dir='ltr'>poterat</span> <span class='ocrx_word' id='word_1_89' title='bbox 893 1812 974 1886; x_wconf 91' lang='lat' dir='ltr'>hos</span> <span class='ocrx_word' id='word_1_90' title='bbox 989 1812 1086 1885; x_wconf 83' lang='lat' dir='ltr'>luisse</span> <span class='ocrx_word' id='word_1_91' title='bbox 1099 1812 1125 1878; x_wconf 85' lang='lat' dir='ltr'>iu</span> 
     </span>
     <span class='ocr_line' id='line_1_14' title="bbox 140 1929 1127 2028; baseline -0.008 -26"><span class='ocrx_word' id='word_1_92' title='bbox 140 1929 281 2002; x_wconf 85' lang='lat' dir='ltr'>bilariis</span> <span class='ocrx_word' id='word_1_93' title='bbox 302 1929 478 2001; x_wconf 90' lang='lat' dir='ltr'>ductibus</span> <span class='ocrx_word' id='word_1_94' title='bbox 496 1930 714 2017; x_wconf 87' lang='lat' dir='ltr'>inchoatos,</span> <span class='ocrx_word' id='word_1_95' title='bbox 733 1941 770 2002; x_wconf 80' lang='lat' dir='ltr'>et</span> <span class='ocrx_word' id='word_1_96' title='bbox 784 1953 858 2028; x_wconf 88' lang='lat' dir='ltr'>per</span> <span class='ocrx_word' id='word_1_97' title='bbox 875 1931 1024 2028; x_wconf 84' lang='lat' dir='ltr'>gradus</span> <span class='ocrx_word' id='word_1_98' title='bbox 1035 1931 1127 2001; x_wconf 89' lang='lat' dir='ltr'>minus</span> 
     </span>
     <span class='ocr_line' id='line_1_15' title="bbox 142 2045 1127 2135; baseline -0.004 -17"><span class='ocrx_word' id='word_1_99' title='bbox 142 2049 275 2119; x_wconf 93' lang='lat' dir='ltr'>molles</span> <span class='ocrx_word' id='word_1_100' title='bbox 295 2045 428 2135; x_wconf 80' lang='lat' dir='ltr'>factos,</span> <span class='ocrx_word' id='word_1_101' title='bbox 458 2073 563 2118; x_wconf 87' lang='lat' dir='ltr'>mora</span> <span class='ocrx_word' id='word_1_102' title='bbox 592 2047 744 2119; x_wconf 89' lang='lat' dir='ltr'>demum</span> <span class='ocrx_word' id='word_1_103' title='bbox 769 2048 809 2118; x_wconf 91' lang='lat' dir='ltr'>in</span> <span class='ocrx_word' id='word_1_104' title='bbox 832 2049 1030 2123; x_wconf 80' lang='lat' dir='ltr'>intestinis</span> <span class='ocrx_word' id='word_1_105' title='bbox 1046 2047 1127 2121; x_wconf 85' lang='lat' dir='ltr'>dura·</span> 
     </span>
     <span class='ocr_line' id='line_1_16' title="bbox 143 2164 1127 2263; baseline -0.001 -27"><span class='ocrx_word' id='word_1_106' title='bbox 143 2182 212 2236; x_wconf 88' lang='lat' dir='ltr'>tos.</span> <span class='ocrx_word' id='word_1_107' title='bbox 234 2164 347 2256; x_wconf 90' lang='lat' dir='ltr'>Quod</span> <span class='ocrx_word' id='word_1_108' title='bbox 367 2165 396 2236; x_wconf 86' lang='lat' dir='ltr'>si</span> <span class='ocrx_word' id='word_1_109' title='bbox 407 2190 483 2261; x_wconf 80' lang='lat' dir='ltr'>per</span> <span class='ocrx_word' id='word_1_110' title='bbox 502 2180 621 2235; x_wconf 85' lang='lat' dir='ltr'>totum</span> <span class='ocrx_word' id='word_1_111' title='bbox 640 2167 811 2237; x_wconf 84' lang='lat' dir='ltr'>morbum</span> <span class='ocrx_word' id='word_1_112' title='bbox 838 2165 997 2239; x_wconf 84' lang='lat' dir='ltr'>nullum</span> <span class='ocrx_word' id='word_1_113' title='bbox 1018 2171 1127 2263; x_wconf 72' lang='lat' dir='ltr'>sigum</span> 
     </span>
     <span class='ocr_line' id='line_1_17' title="bbox 143 2280 1127 2372; baseline 0.001 -20"><span class='ocrx_word' id='word_1_114' title='bbox 143 2287 247 2353; x_wconf 79' lang='lat' dir='ltr'>ictere&#39;</span> <span class='ocrx_word' id='word_1_115' title='bbox 257 2307 296 2352; x_wconf 85' lang='lat' dir='ltr'>se</span> <span class='ocrx_word' id='word_1_116' title='bbox 313 2307 351 2352; x_wconf 85' lang='lat' dir='ltr'>se</span> <span class='ocrx_word' id='word_1_117' title='bbox 369 2285 637 2372; x_wconf 70' lang='lat' dir='ltr'>manifestavit,</span> <span class='ocrx_word' id='word_1_118' title='bbox 653 2296 718 2352; x_wconf 90' lang='lat' dir='ltr'>aut</span> <span class='ocrx_word' id='word_1_119' title='bbox 735 2281 886 2354; x_wconf 89' lang='lat' dir='ltr'>credito</span> <span class='ocrx_word' id='word_1_120' title='bbox 906 2280 1127 2356; x_wconf 84' lang='lat' dir='ltr'>materiamiu</span> 
     </span>
     <span class='ocr_line' id='line_1_18' title="bbox 143 2397 1127 2501; baseline -0.004 -32"><span class='ocrx_word' id='word_1_121' title='bbox 143 2402 290 2471; x_wconf 88' lang='lat' dir='ltr'>vivente</span> <span class='ocrx_word' id='word_1_122' title='bbox 307 2397 413 2470; x_wconf 86' lang='lat' dir='ltr'>laeile</span> <span class='ocrx_word' id='word_1_123' title='bbox 431 2399 644 2470; x_wconf 86' lang='lat' dir='ltr'>molliorem</span> <span class='ocrx_word' id='word_1_124' title='bbox 662 2423 777 2496; x_wconf 89' lang='lat' dir='ltr'>quam</span> <span class='ocrx_word' id='word_1_125' title='bbox 795 2400 924 2472; x_wconf 89' lang='lat' dir='ltr'>altero</span> <span class='ocrx_word' id='word_1_126' title='bbox 948 2416 1035 2501; x_wconf 86' lang='lat' dir='ltr'>post</span> <span class='ocrx_word' id='word_1_127' title='bbox 1053 2419 1127 2470; x_wconf 88' lang='lat' dir='ltr'>mor·</span> 
     </span>
     <span class='ocr_line' id='line_1_19' title="bbox 143 2506 1127 2613; baseline -0.004 -23"><span class='ocrx_word' id='word_1_128' title='bbox 143 2533 219 2590; x_wconf 92' lang='lat' dir='ltr'>tem</span> <span class='ocrx_word' id='word_1_129' title='bbox 237 2517 297 2589; x_wconf 88' lang='lat' dir='ltr'>die</span> <span class='ocrx_word' id='word_1_130' title='bbox 310 2542 396 2587; x_wconf 90' lang='lat' dir='ltr'>cum</span> <span class='ocrx_word' id='word_1_131' title='bbox 411 2518 450 2587; x_wconf 90' lang='lat' dir='ltr'>iu</span> <span class='ocrx_word' id='word_1_132' title='bbox 460 2506 636 2588; x_wconf 78' lang='lat' dir='ltr'>ductibus</span> <span class='ocrx_word' id='word_1_133' title='bbox 646 2530 795 2613; x_wconf 88' lang='lat' dir='ltr'>reperta</span> <span class='ocrx_word' id='word_1_134' title='bbox 805 2532 886 2606; x_wconf 86' lang='lat' dir='ltr'>est,</span> <span class='ocrx_word' id='word_1_135' title='bbox 901 2543 988 2589; x_wconf 91' lang='lat' dir='ltr'>non</span> <span class='ocrx_word' id='word_1_136' title='bbox 1004 2515 1127 2589; x_wconf 74' lang='lat' dir='ltr'>omniuo</span> 
     </span>
     <span class='ocr_line' id='line_1_20' title="bbox 142 2620 1126 2723; baseline -0.001 -17"><span class='ocrx_word' id='word_1_137' title='bbox 142 2634 229 2706; x_wconf 90' lang='lat' dir='ltr'>bilis</span> <span class='ocrx_word' id='word_1_138' title='bbox 260 2636 374 2705; x_wconf 83' lang='lat' dir='ltr'>exitui</span> <span class='ocrx_word' id='word_1_139' title='bbox 407 2633 616 2723; x_wconf 87' lang='lat' dir='ltr'>obstitisse,</span> <span class='ocrx_word' id='word_1_140' title='bbox 646 2648 682 2704; x_wconf 89' lang='lat' dir='ltr'>et</span> <span class='ocrx_word' id='word_1_141' title='bbox 712 2632 869 2705; x_wconf 90' lang='lat' dir='ltr'>dolores</span> <span class='ocrx_word' id='word_1_142' title='bbox 900 2659 973 2707; x_wconf 88' lang='lat' dir='ltr'>sua</span> <span class='ocrx_word' id='word_1_143' title='bbox 1004 2620 1126 2707; x_wconf 61' lang='lat' dir='ltr'>fortasse</span> 
     </span>
     <span class='ocr_line' id='line_1_21' title="bbox 143 2747 1127 2849; baseline -0.006 -24"><span class='ocrx_word' id='word_1_144' title='bbox 143 2753 347 2825; x_wconf 85' lang='lat' dir='ltr'>acrimonia</span> <span class='ocrx_word' id='word_1_145' title='bbox 361 2753 478 2849; x_wconf 86' lang='lat' dir='ltr'>magis</span> <span class='ocrx_word' id='word_1_146' title='bbox 493 2775 606 2848; x_wconf 89' lang='lat' dir='ltr'>quam</span> <span class='ocrx_word' id='word_1_147' title='bbox 626 2747 822 2821; x_wconf 90' lang='lat' dir='ltr'>obstaculo</span> <span class='ocrx_word' id='word_1_148' title='bbox 837 2774 993 2826; x_wconf 85' lang='lat' dir='ltr'>creasse</span> <span class='ocrx_word' id='word_1_149' title='bbox 1003 2781 1014 2842; x_wconf 86' lang='lat'>;</span> <span class='ocrx_word' id='word_1_150' title='bbox 1025 2765 1127 2824; x_wconf 83' lang='lat' dir='ltr'>autre·</span> 
     </span>
     <span class='ocr_line' id='line_1_22' title="bbox 144 2867 1128 2968; baseline -0.005 -28"><span class='ocrx_word' id='word_1_151' title='bbox 144 2871 341 2940; x_wconf 88' lang='lat' dir='ltr'>miniscere</span> <span class='ocrx_word' id='word_1_152' title='bbox 363 2892 493 2939; x_wconf 91' lang='lat' dir='ltr'>eorum</span> <span class='ocrx_word' id='word_1_153' title='bbox 521 2892 604 2963; x_wconf 85' lang='lat' dir='ltr'>quae</span> <span class='ocrx_word' id='word_1_154' title='bbox 630 2869 669 2937; x_wconf 91' lang='lat' dir='ltr'>in</span> <span class='ocrx_word' id='word_1_155' title='bbox 689 2867 877 2965; x_wconf 83' lang='lat' dir='ltr'>singulari</span> <span class='ocrx_word' id='word_1_156' title='bbox 907 2871 1040 2968; x_wconf 90' lang='lat' dir='ltr'>aliquo</span> <span class='ocrx_word' id='word_1_157' title='bbox 1056 2867 1128 2962; x_wconf 85' lang='lat' dir='ltr'>ejus·</span> 
     </span>
     <span class='ocr_line' id='line_1_23' title="bbox 144 2983 1128 3083; baseline -0.006 -25"><span class='ocrx_word' id='word_1_158' title='bbox 144 2987 249 3058; x_wconf 89' lang='lat' dir='ltr'>modi</span> <span class='ocrx_word' id='word_1_159' title='bbox 271 3011 358 3057; x_wconf 90' lang='lat' dir='ltr'>casu</span> <span class='ocrx_word' id='word_1_160' title='bbox 373 2985 620 3055; x_wconf 88' lang='lat' dir='ltr'>indicavimus</span> <span class='ocrx_word' id='word_1_161' title='bbox 635 2983 812 3083; x_wconf 86' lang='lat' dir='ltr'>supra(1)</span> <span class='ocrx_word' id='word_1_162' title='bbox 825 2989 945 3059; x_wconf 87' lang='lat' dir='ltr'>utvel</span> <span class='ocrx_word' id='word_1_163' title='bbox 961 2988 1128 3060; x_wconf 85' lang='lat' dir='ltr'>obstructo</span> 
     </span>
     <span class='ocr_line' id='line_1_24' title="bbox 145 3088 1129 3199; baseline -0.007 -22"><span class='ocrx_word' id='word_1_164' title='bbox 145 3104 339 3177; x_wconf 87' lang='lat' dir='ltr'>communi</span> <span class='ocrx_word' id='word_1_165' title='bbox 364 3102 499 3188; x_wconf 90' lang='lat' dir='ltr'>ductu,</span> <span class='ocrx_word' id='word_1_166' title='bbox 524 3126 633 3199; x_wconf 90' lang='lat' dir='ltr'>posse</span> <span class='ocrx_word' id='word_1_167' title='bbox 657 3088 945 3199; x_wconf 74' lang='lat' dir='ltr'>nonnunquam</span> <span class='ocrx_word' id='word_1_168' title='bbox 964 3104 1083 3178; x_wconf 83' lang='lat' dir='ltr'>abesse</span> <span class='ocrx_word' id='word_1_169' title='bbox 1095 3102 1129 3170; x_wconf 90' lang='lat' dir='ltr'>ic·</span> 
     </span>
     <span class='ocr_line' id='line_1_25' title="bbox 143 3217 1127 3321; baseline -0.002 -30"><span class='ocrx_word' id='word_1_170' title='bbox 143 3236 266 3292; x_wconf 87' lang='lat' dir='ltr'>terum</span> <span class='ocrx_word' id='word_1_171' title='bbox 284 3220 522 3316; x_wconf 83' lang='lat' dir='ltr'>intelligeres.</span> <span class='ocrx_word' id='word_1_172' title='bbox 542 3219 652 3310; x_wconf 90' lang='lat' dir='ltr'>Quod</span> <span class='ocrx_word' id='word_1_173' title='bbox 672 3243 758 3289; x_wconf 90' lang='lat' dir='ltr'>cum</span> <span class='ocrx_word' id='word_1_174' title='bbox 782 3235 1023 3318; x_wconf 82' lang='lat' dir='ltr'>spectarem,</span> <span class='ocrx_word' id='word_1_175' title='bbox 1041 3217 1127 3321; x_wconf 85' lang='lat' dir='ltr'>paulo</span> 
     </span>
     <span class='ocr_line' id='line_1_26' title="bbox 145 3334 1129 3436; baseline 0.001 -28"><span class='ocrx_word' id='word_1_176' title='bbox 145 3351 231 3408; x_wconf 87' lang='lat' dir='ltr'>ante</span> <span class='ocrx_word' id='word_1_177' title='bbox 256 3335 350 3422; x_wconf 66' lang='lat' dir='ltr'>dini,</span> <span class='ocrx_word' id='word_1_178' title='bbox 380 3337 485 3406; x_wconf 87' lang='lat' dir='ltr'>icteri</span> <span class='ocrx_word' id='word_1_179' title='bbox 505 3335 680 3433; x_wconf 88' lang='lat' dir='ltr'>quidem,</span> <span class='ocrx_word' id='word_1_180' title='bbox 700 3334 766 3406; x_wconf 91' lang='lat' dir='ltr'>sed</span> <span class='ocrx_word' id='word_1_181' title='bbox 793 3339 917 3436; x_wconf 85' lang='lat' dir='ltr'>magis</span> <span class='ocrx_word' id='word_1_182' title='bbox 936 3355 978 3412; x_wconf 91' lang='lat' dir='ltr'>et</span> <span class='ocrx_word' id='word_1_183' title='bbox 998 3337 1092 3412; x_wconf 84' lang='lat' dir='ltr'>ictcn&#39;</span> <span class='ocrx_word' id='word_1_184' title='bbox 1104 3345 1129 3403; x_wconf 80' lang='lat' dir='ltr'>et</span> 
     </span>
     <span class='ocr_line' id='line_1_27' title="bbox 144 3452 1124 3529; baseline -0.003 -2"><span class='ocrx_word' id='word_1_185' title='bbox 144 3455 321 3527; x_wconf 90' lang='lat' dir='ltr'>dolorum</span> <span class='ocrx_word' id='word_1_186' title='bbox 345 3478 365 3522; x_wconf 90' lang='lat' dir='ltr'>a</span> <span class='ocrx_word' id='word_1_187' title='bbox 392 3452 532 3525; x_wconf 81' lang='lat' dir='ltr'>dextris</span> <span class='ocrx_word' id='word_1_188' title='bbox 566 3453 733 3525; x_wconf 87' lang='lat' dir='ltr'>absentia</span> <span class='ocrx_word' id='word_1_189' title='bbox 768 3468 927 3526; x_wconf 91' lang='lat' dir='ltr'>cautum</span> <span class='ocrx_word' id='word_1_190' title='bbox 966 3457 1124 3529; x_wconf 84' lang='lat' dir='ltr'>medicum</span> 
     </span>
     <span class='ocr_line' id='line_1_28' title="bbox 142 3569 1126 3669; baseline -0.004 -25"><span class='ocrx_word' id='word_1_191' title='bbox 142 3570 225 3645; x_wconf 88' lang='lat' dir='ltr'>fieri</span> <span class='ocrx_word' id='word_1_192' title='bbox 259 3585 451 3668; x_wconf 82' lang='lat' dir='ltr'>oportere3</span> <span class='ocrx_word' id='word_1_193' title='bbox 484 3587 525 3641; x_wconf 90' lang='lat' dir='ltr'>ut</span> <span class='ocrx_word' id='word_1_194' title='bbox 553 3572 671 3669; x_wconf 84' lang='lat' dir='ltr'>magis</span> <span class='ocrx_word' id='word_1_195' title='bbox 700 3570 848 3668; x_wconf 90' lang='lat' dir='ltr'>reliqua</span> <span class='ocrx_word' id='word_1_196' title='bbox 886 3574 1002 3646; x_wconf 91' lang='lat' dir='ltr'>simul</span> <span class='ocrx_word' id='word_1_197' title='bbox 1030 3569 1126 3646; x_wconf 75' lang='lat' dir='ltr'>omnia</span> 
     </span>
    </p>
   </div>
   <div class='ocr_carea' id='block_1_3' title="bbox 145 3779 1124 3812">
    <p class='ocr_par' dir='ltr' id='par_1_3' title="bbox 145 3779 1124 3812">
     <span class='ocr_line' id='line_1_29' title="bbox 145 3779 1124 3812; baseline -0.002 -3"><span class='ocrx_word' id='word_1_198' title='bbox 145 3779 1124 3812; x_wconf 55' lang='lat' dir='ltr'>n-——W</span> 
     </span>
    </p>
   </div>
   <div class='ocr_carea' id='block_1_4' title="bbox 182 3946 353 4026">
    <p class='ocr_par' dir='ltr' id='par_1_4' title="bbox 182 3946 353 4026">
     <span class='ocr_line' id='line_1_30' title="bbox 182 3946 353 4026; baseline -0.053 -17"><span class='ocrx_word' id='word_1_199' title='bbox 182 3947 225 4026; x_wconf 78' lang='grc' dir='ltr'>(ι)</span> <span class='ocrx_word' id='word_1_200' title='bbox 245 3949 284 4009; x_wconf 79' lang='lat' dir='ltr'>n.</span> <span class='ocrx_word' id='word_1_201' title='bbox 307 3946 353 4014; x_wconf 73' lang='lat' dir='ltr'>aa.</span> 
     </span>
    </p>
   </div>
   <div class='ocr_carea' id='block_1_5' title="bbox 0 0 1306 4514">
    <p class='ocr_par' dir='ltr' id='par_1_5' title="bbox 0 0 1306 4514">
     <span class='ocr_line' id='line_1_31' title="bbox 0 0 1306 4514; baseline 0 0"><span class='ocrx_word' id='word_1_202' title='bbox 0 0 1306 4514; x_wconf 95' lang='lat' dir='ltr'> </span> 
     </span>
    </p>
   </div>
  </div>
 </body>
</html>
