2580 4514
206 375 275 423 ma.
295 375 351 421 111.
370 375 416 421 nu
434 373 569 422 nonme
586 372 755 437 vaurms,
773 373 883 421 arrsr.
901 371 1052 421 xxxvru.
1081 345 1151 447 593

152 487 292 589 pedes:
312 489 428 559 urinae
446 485 618 560 flammeo
638 486 764 560 colore
788 484 892 576 fieri,
916 488 1152 586 multumque

152 605 350 677 imminui:
371 605 449 676 sitis
467 629 613 703 urgere.
629 608 724 676 Cum
740 603 818 674 haee
833 604 1088 677 animadversa
1102 629 1154 677 es·

154 736 242 796 sent
252 736 417 794 extremo
426 722 502 818 jam
512 727 624 809 maio,
635 737 671 793 et
681 718 938 808 Michelottus‚
951 723 1018 819 qui
1025 720 1153 795 adver·

153 830 220 912 sus
238 840 342 910 hunc
365 841 611 938 tympanitem
633 840 818 911 incassum
837 862 1007 937 pugnare
1031 863 1155 936 coepe-

151 971 237 1044 rat,
259 972 344 1028 ante
370 953 536 1027 medium
550 955 698 1050 junium
716 956 755 1025 in
774 956 931 1027 Galliam
959 952 1044 1026 cum
1066 956 1154 1028 viris

152 1071 392 1171 amplissimis
423 1071 576 1144 Venetis
608 1071 738 1168 legatis
765 1086 862 1144 esset
888 1069 1152 1170 profecturus,

152 1187 254 1261 mihi
266 1213 404 1288 aegrum
415 1240 425 1277 ,
438 1186 571 1259 eodem
581 1202 751 1286 tempore
760 1191 948 1260 Patavium
957 1202 1155 1261 transeun-

152 1320 255 1394 tem,
272 1307 526 1403 maximopere
541 1303 859 1394 commendasset,
876 1320 918 1377 ut
928 1305 1000 1379 nisi
1009 1304 1156 1378 assidue

154 1446 246 1495 cum
259 1423 340 1519 ejus
358 1421 506 1494 medico
521 1422 681 1495 invisere
695 1444 862 1520 possem,
880 1437 918 1494 at
933 1423 1064 1521 saepius
1083 1419 1155 1493 sal·

153 1555 234 1614 tem
261 1566 348 1612 cum
366 1564 436 1638 per
454 1538 543 1610 alias
566 1538 695 1612 liceret
719 1541 1005 1638 occupationes,
1031 1540 1156 1612 eonsi-

152 1658 208 1746 lio
226 1658 396 1754 juvarem
419 1680 535 1747 meo;
560 1679 654 1755 ego,
681 1655 845 1729 necdum
869 1659 1086 1757 agro-riso,
1110 1682 1156 1729 ex

154 1790 299 1849 attenta
317 1775 495 1848 duntaxat
510 1798 661 1865 eorum,
674 1797 758 1873 quae
772 1771 987 1849 summatim
998 1774 1155 1847 nuncad

155 1909 196 1968 te
238 1895 427 1991 erscripsi,
442 1884 620 1982 lectione,
639 1891 800 1966 aliorum
814 1895 1001 1967 viscerum
1013 1891 1155 1979 labem,

156 1918 320 2082 alidrum
329 2008 581 2083 infirmitatem
591 2011 811 2107 conjiciens,
825 2009 871 2083 de
878 2033 976 2109 aegro
986 2009 1154 2082 sanando

157 2126 376 2226 desperavi:
393 2153 516 2226 neque
526 2127 566 2199 id
576 2125 752 2199 affinibus
768 2127 901 2198 reticui
915 2125 1035 2223 probe
1048 2150 1157 2198 cons·

159 2245 246 2335 ciiS,
261 2259 343 2316 toto
365 2244 430 2315 illo
451 2244 648 2342 septennio
664 2267 858 2338 nunquam
879 2241 1157 2341 propemodum

158 2359 298 2461 morbo
317 2359 443 2456 aliquo
458 2382 628 2447 vacasse,
647 2375 684 2431 et
696 2360 941 2456 interroganti
958 2358 1050 2429 mihi
1064 2356 1157 2430 illud

158 2457 473 2550 confirmantibus
499 2474 604 2573 quod
628 2476 668 2545 in
696 2474 796 2546 calce
821 2490 876 2548 est
900 2475 1085 2546 librorum
1110 2474 1158 2547 de
1245 2457 1248 2463 ¹

158 2593 324 2684 morbis,
359 2618 408 2665 ex
431 2593 509 2664 olio
529 2593 660 2664 morbo
687 2615 821 2691 corpus
843 2589 1084 2690 liquefactum
1106 2590 1161 2665 ad

126 2720 129 2724 '
159 2712 259 2784 bunc
287 2709 479 2784 devenisse.
507 2710 627 2808 Igitur
648 2734 730 2806 quae
749 2709 803 2780 ibi
825 2709 1007 2781 continuo
1041 2708 1159 2804 subji-

161 2829 333 2918 ciuntur,
353 2828 489 2903 diserte
501 2829 631 2900 iisdem
646 2827 844 2898 enunciari
858 2854 866 2896 :
887 2833 921 2897 si
935 2823 1084 2923 quidem
1099 2831 1160 2922 igi·

160 2960 223 3016 tur
237 2946 362 3017 subito
378 2951 613 3044 occupaverit
626 2944 689 3016 hie
702 2945 855 3015 morbus
864 2944 1065 3030 hominem,
1084 2967 1161 3014 mo·

160 3067 258 3132 ritur
265 3086 395 3160 nempe
409 3061 487 3133 olio
503 3062 635 3132 morbo
649 3059 852 3132 diutissime
859 3063 946 3156 jam
958 3059 1156 3157 affligente.

159 3180 293 3277 Neque
308 3179 378 3249 alia
390 3177 482 3249 mihi
495 3192 695 3276 postquam
709 3201 849 3276 aegrum
862 3176 960 3264 vidi,
977 3177 1160 3259 sententia

160 3291 254 3366 fuit:
273 3295 312 3366 in
324 3320 438 3393 quam
452 3294 630 3391 deinceps
643 3309 830 3366 venerunt
839 3292 886 3364 ad
897 3315 1015 3364 unum
1028 3317 1162 3366 omnes

161 3425 355 3510 quotquot
374 3437 417 3485 ea
431 3425 660 3510 tempestate
683 3412 820 3483 Patavii
842 3411 959 3509 magis
975 3409 1162 3482 florebant

133 3522 136 3529 ’
160 3527 309 3600 medici.
335 3533 431 3629 Nam
452 3530 521 3601 etsi
546 3527 696 3601 flatibus
713 3552 824 3628 supra
848 3526 1020 3626 infraque
1043 3529 1161 3599 inter·

162 3641 256 3717 dum
273 3645 572 3743 prodeuntibus,
591 3644 781 3718 abdomen
803 3646 984 3743 amplius,
1002 3646 1033 3716 si
1047 3667 1163 3714 manu

132 3770 136 3777 '
161 3777 402 3862 percuteres,
421 3762 741 3851 nonresonabat3
759 3778 886 3835 tamen
903 3761 1018 3856 hujus
1036 3775 1164 3832 tumor

163 3894 203 3955 et
222 3894 354 3952 caetera
369 3905 451 3978 quae
465 3882 685 3969 dictasunt,
704 3906 784 3954 non
802 3878 1008 3955 modonon
1021 3878 1164 3970 decres-

238 4001 274 4087 a.
948 3994 994 4067 aa
