2580 4514
187 377 247 420 ΜΒ.
276 374 334 420 111.
361 373 407 420 DE
433 371 570 420 Mortuis
594 373 764 429 VENTRIS,
791 375 902 422 srlsr.
930 378 1028 423 xxx1.
1066 380 1132 454 127

148 489 245 560 centia
262 501 362 573 erat,
387 510 475 557 cum
495 501 733 575 secarentur,
749 488 911 560 multum
929 492 1003 562 seri
1025 495 1134 565 emit-

148 604 272 694 tebant,
293 604 501 702 praesertim
520 602 569 675 ad
584 606 702 700 sterni
717 607 891 703 superius
910 607 1026 680 latus:
1044 610 1133 684 inde

147 724 258 795 enimc
273 719 417 794 finibus
435 720 639 820 pectoralis
652 723 816 795 musculi
834 739 871 792 et.
886 723 1066 824 subclavii
1083 753 1135 802 se·

147 865 225 931 run,
247 842 356 939 quasi
389 841 603 912 rivulorum
635 840 675 911 iu
704 840 862 911 modum
895 844 1131 918 scaturiebat.

146 961 310 1031 Ceterum
324 957 531 1057 pulmones
549 957 640 1029 sani.
661 962 765 1029 Intra
783 958 1059 1055 pericardium,
1076 988 1134 1036 se·

139 1100 235 1165 mm,
256 1102 363 1174 aqnae
391 1075 511 1148 simile
537 1076 578 1144 in
607 1099 682 1171 qua
701 1099 789 1147 caro
815 1100 947 1157 recens
971 1078 1046 1150 lota
1067 1096 1130 1153 est.

146 1196 210 1284 Cor,
226 1196 255 1268 si
271 1210 461 1292 tangeres,
483 1193 597 1274 molle
623 1192 719 1265 adeo
740 1193 941 1292 laxumque
960 1197 1130 1271 iuvenie-

145 1308 208 1401 bu,
225 1328 266 1385 ut
288 1337 369 1384 non
393 1312 656 1384 musculosum
678 1311 743 1383 sed
764 1310 1050 1384 membraneum
1078 1317 1132 1385 vi-

144 1426 349 1502 dereturxln
370 1430 451 1527 ejus
464 1429 686 1501 ventriculis
705 1431 856 1528 sanguis
870 1428 1007 1504 fluidus
1020 1447 1131 1529 atque

144 1545 181 1618 iu
194 1570 411 1647 spumosus,
428 1564 471 1619 ut
483 1548 662 1646 agitatum
678 1561 877 1619 tonsorum
896 1548 1063 1620 lixivium
1075 1574 1131 1621 re·

142 1657 241 1741 brut.
263 1666 339 1738 Sed
354 1681 391 1739 et
409 1690 543 1738 omnes
558 1670 667 1737 'veuae
687 1679 827 1737 tantam
850 1666 1130 1740 concludebant

140 1786 214 1858 teris
230 1788 399 1884 copiam,
413 1800 456 1857 ut
470 1783 619 1856 tametsi
634 1806 797 1881 paucum
809 1785 1031 1881 sanguinem
1043 1809 1130 1856 con·

138 1899 304 1991 linerent,
326 1902 434 1975 valde
455 1917 582 1974 tamen
601 1914 726 1972 esseut
739 1900 917 1999 turgidae,
938 1903 978 1973 in
998 1903 1131 1999 primis
1234 1904 1237 1911 ’

134 2039 245 2110 umus
260 2013 417 2119 quidam
434 2019 557 2114 major
580 2042 711 2091 earum
731 2041 918 2091 venarum
938 2044 1021 2117 quae
1046 2023 1131 2093 atti·

129 2153 208 2211 ueut
229 2137 277 2210 ad
294 2138 457 2226 lienem;
477 2137 538 2208 ille
556 2137 658 2208 enim
676 2160 803 2208 ramus
824 2139 909 2209 cum
931 2139 1050 2235 magis
1074 2136 1131 2209 di-

127 2253 223 2337 laturi
247 2280 328 2327 non
348 2279 459 2352 posse
476 2253 689 2340 videretur,
707 2254 768 2325 vix
796 2254 916 2326 ullum
935 2256 1131 2354 sanguinis

122 2358 316 2472 vertigiuiu
339 2371 521 2446 servabat.
537 2372 825 2447 Intracranium
846 2373 1042 2470 paululum
1057 2377 1130 2447 seri

119 2492 312 2564 inventum
331 2507 411 2565 est:
432 2488 631 2563 cerebrum
645 2492 769 2589 ipsum
793 2490 943 2563 nullum
966 2514 1130 2590 usquam

119 2608 277 2685 lusionis
306 2607 476 2682 ostendit
508 2608 702 2679 indicium.

135 2749 143 2765 ’
164 2727 199 2802 3.
218 2731 358 2826 Magna
368 2728 422 2799 vis
437 2725 670 2825 putredinis,
685 2742 728 2798 ut
747 2750 768 2795 a
787 2725 1064 2822 posterioribus
1076 2729 1131 2798 in·

119 2846 316 2947 cipimus,
332 2845 383 2917 ad
400 2845 528 2943 priora
542 2842 605 2915 illa
625 2845 749 2944 statim
768 2845 974 2931 reversuri,
996 2844 1035 2913 in
1053 2843 1129 2918 hoc

119 2962 300 3037 nudavere
312 2961 489 3061 apparuit
503 2986 548 3032 ex
560 2975 663 3033 tanta
678 2962 773 3032 aeris
790 2962 857 3058 qui
871 2984 909 3035 se
925 2960 1129 3050 evolverat,

119 3081 235 3181 copia.
257 3083 409 3152 Summa
432 3078 557 3153 cordis
576 3079 706 3151 laxitas
732 3103 818 3151 cum
845 3079 968 3176 parvis
994 3078 1067 3151 illis
1085 3105 1128 3151 ac
1232 3119 1233 3123 ¹

119 3196 306 3271 leudibus
336 3195 511 3297 pulsibus
540 3195 800 3268 conveniebat.
833 3198 989 3267 Lienem
1026 3222 1128 3295 mug-

119 3338 209 3389 uum
228 3314 335 3386 baud
351 3339 438 3386 raro
454 3313 543 3386 alias
559 3329 645 3413 post
656 3339 734 3385 nou
750 3312 883 3405 breves
901 3313 1128 3411 easdemque

119 3432 344 3532 multiplices
371 3430 495 3505 febres
518 3430 632 3510 brisso
661 3432 933 3511 adnotavimus.
963 3432 1056 3521 Sed,
1086 3449 1129 3504 ut

119 3551 239 3625 mais
255 3550 356 3639 aliis,
379 3550 428 3621 ed
445 3575 487 3621 ea
499 3553 693 3623 veniamus
711 3575 875 3648 quorum
888 3552 1127 3648 potissimum

119 3669 233 3767 gretia
253 3667 355 3740 banc
381 3667 453 3740 tibi
472 3667 547 3740 hoo
574 3667 660 3740 loco
680 3667 983 3745 observationem
998 3669 1128 3741 retuli·

119 3811 227 3876 mus;
252 3785 361 3858 vides
382 3787 570 3885 primum,
594 3801 741 3884 quanto
757 3786 910 3858 demum
932 3788 1076 3859 steterit
1092 3789 1127 3859 ei

119 3903 349 3977 adolescenti
368 3903 492 3976 alvum
515 3919 701 4002 perpetuo
723 3904 908 3976 lubricam
927 3901 1103 3976 habuisse
1114 3958 1126 3996 ,
