2580 4514
176 338 237 427 ud.
264 379 321 426 111.
349 378 397 424 DE
422 375 559 425 nonius
584 376 754 440 VENTRIS,
781 375 894 423 EPIST.
922 376 1021 423 XXXI.
1058 376 1122 450 177

136 515 207 586 quoe
225 498 376 565 siccotce
390 489 594 591 pelliculas
609 517 630 563 e
648 498 774 565 vesica
804 491 916 563 suilla
936 468 1125 563 retorrida

139 616 366 682 mentirentur.
392 615 449 681 At.
483 615 537 680 to.
561 611 763 681 Mauricius
793 607 1044 683 Hoffmannus
1071 611 1126 707 (1)
1174 648 1178 653 ·

143 749 208 799 cum
223 729 270 801 ab
290 729 361 800 alia
382 743 549 800 excretos
572 729 750 800 attentius
773 730 1016 817 examinaret,
1034 754 1128 826 quas

140 866 194 941 pro
208 848 339 919 intima
360 846 489 918 tunica
508 848 776 918 intestinorum
802 845 863 916 alii
886 862 1128 943 acceperant,

136 984 271 1037 nucum
291 989 371 1036 esse
390 964 543 1062 agnovit
563 962 803 1035 viscidiorem
823 989 939 1062 supra
955 964 1129 1036 volontas

134 1088 353 1155 conniventes
366 1081 623 1178 coagulatum,
634 1095 670 1152 et
679 1086 717 1150 in
727 1086 887 1179 speciem
900 1068 1129 1154 membrano>

127 1199 412 1271 condensatum:
442 1221 566 1296 neque
606 1198 653 1270 ab
687 1224 732 1269 eo
762 1199 971 1296 discrepat,
1002 1203 1127 1270 Actor.
1247 1199 1251 1207 '

121 1319 159 1391 Ν.
186 1321 226 1391 C.
258 1317 453 1389 volumine
478 1315 612 1412 V,(o),
641 1316 685 1387 cl.
713 1317 916 1414 Treylingii
938 1315 1127 1412 judicium

121 1434 163 1509 de
182 1437 393 1507 examinata
406 1434 454 1506 ab
472 1436 554 1532 ipso
569 1437 679 1533 quasi
693 1434 982 1507 membranacea
996 1437 1130 1534 vagina

120 1552 282 1653 quadam
314 1553 363 1625 ab
405 1554 544 1625 rustica
579 1552 744 1649 dejecta,
769 1559 939 1650 quamvis
962 1555 1131 1650 figuram

120 1677 281 1743 intestini
290 1671 367 1742 coli
379 1695 464 1743 cum
481 1670 641 1743 valvulis
653 1671 932 1759 conniventibus
947 1671 1130 1769 adaequa-

120 1804 181 1863 ret.
205 1793 365 1878 Contra,
386 1790 426 1860 in
446 1789 519 1860 alic
538 1792 683 1888 Apiuus
700 1789 755 1886 (3)
773 1790 927 1861 minime
945 1788 1132 1871 dubitavit

120 1909 212 2007 quin
232 1921 364 2007 egestae
381 1906 609 1978 membrauae
626 1922 751 1979 essent
771 1903 887 1979 frusta
913 1909 1051 1993 intimae
1070 1922 1132 1980 tu·

119 2026 209 2099 nicae
220 2026 490 2098 intestinorum
504 2052 512 2094 ε
530 2038 566 2096 et
579 2024 689 2122 plura
703 2023 859 2122 quidem
871 2026 931 2097 vel
944 2048 990 2096 ex
1002 2050 1133 2099 earum
1245 2070 1265 2081 κ

119 2143 359 2241 inspectione
385 2142 546 2241 protulit
579 2164 649 2230 cur
665 2141 715 2213 id
745 2141 990 2229 crederetur:
1013 2166 1133 2240 quau-

119 2285 235 2361 quam
253 2260 348 2332 iliud
368 2261 474 2359 quod
490 2262 621 2361 primo
638 2263 724 2334 loco
749 2263 876 2361 posuit
892 2259 1007 2333 fuisse
1020 2263 1133 2346 tubu·
1189 2330 1193 2336 .

118 2380 200 2453 losa
219 2383 357 2470 form
389 2385 623 2452 exactissime
640 2380 843 2480 praeditos,
870 2395 952 2452 tum
978 2406 1021 2454 ee
1050 2407 1133 2479 quae

118 2497 236 2570 modo
255 2497 405 2569 laudata
423 2515 494 2588 est,
514 2514 595 2570 tum
616 2499 831 2572 observatio
858 2524 1012 2598 quoque
1030 2498 1134 2573 infir-

118 2632 195 2690 mat
212 2617 489 2689 cl.‘Vcrdriesii
519 2617 590 2711 (A),
612 2619 680 2715 qui
703 2612 777 2689 alid
805 2619 844 2689 in
875 2620 957 2689 viro
982 2620 1133 2716 penitus

118 2734 419 2833 contemplatus,
443 2761 523 2807 non
553 2724 658 2810 aliud
687 2760 899 2834 essequam
914 2736 1135 2832 fistulosum

117 2858 297 2951 pituitam
314 2850 613 2926 manifestissime
640 2852 915 2952 deprehendit,
941 2877 1025 2950 quae
1047 2879 1136 2926 con-

118 2994 306 3059 crescens,
327 2971 384 3043 ad
405 2977 627 3045 continentis
648 2977 813 3043 intestini
821 2974 995 3069 figuram
1018 2998 1058 3055 se
1071 2998 1134 3044 oc-

120 3088 435 3163 commodaverat.
452 3089 526 3163 Sed
540 3115 633 3161 num
651 3089 837 3176 dicemus,
854 3091 1134 3188 inquies,idem

120 3207 299 3283 accidisse
332 3209 431 3280 intra
460 3232 607 3280 coecum
635 3209 871 3297 intestinum,
907 3208 1012 3306 quod
1043 3210 1135 3281 olim

160 3589 206 3668 (ι)
227 3592 303 3648 Dec.
316 3591 381 3649 ead.
395 3594 433 3650 A.
446 3612 465 3670 9
476 3603 507 3651 et
522 3612 572 3664 ro,
588 3593 653 3650 obs.
667 3593 715 3650 60.

164 3824 196 3902 (3
228 3828 302 3883 Dec.
316 3825 365 3882 cit.
378 3827 406 3882 A
417 3844 438 3901 9
449 3837 479 3883 et
494 3844 544 3899 10,
564 3826 629 3883 ohs.
648 3846 716 3904 179.

168 3942 209 4017 (i)
230 3937 357 4019 Ephem.
370 3944 502 4002 earnmd.
517 3956 593 4001 cent.
608 3964 641 4017 1,
656 3945 721 4002 obs.
733 3962 782 4018 90·
