2580 4514
107 395 174 445 mn.
197 395 250 444 111.
273 399 319 443 nr
337 398 472 445 moeurs
487 398 657 460 verram,
678 397 787 443 rmsr.
810 397 961 444 xxxviii.
990 370 1077 444 653.

57 532 155 609 saepe
173 535 332 582 crassam
346 511 440 583 adeo
458 537 500 583 ac
516 510 669 596 densam
683 508 785 597 fieri,
799 525 842 580 ut
860 535 930 607 pro
949 510 1065 585 altera

10 662 13 706 :
55 631 251 725 peritonaei
262 628 399 699 lamina
411 629 691 726 imponat,im0
702 651 979 723 nonnunquam
992 653 1064 725 pro
1156 712 1160 718 ⁵

10 818 12 825 .
55 764 138 821 toto
155 751 357 848 peritonaeo
374 778 381 820 :
401 748 503 847 quod
526 747 810 819 Hoechstettero
833 747 888 844 (i)
907 738 1062 847 aliisque

52 867 205 938 videtur
221 868 414 955 accidisse,
433 865 545 936 iubis
561 865 675 936 Paulo
699 865 867 953 Mothio,
889 865 996 960 cujus
1020 867 1061 940 in

55 999 232 1054 matrona
252 982 464 1054 observatio
486 981 536 1053 sic
563 983 755 1079 proposita
785 996 839 1053 est
865 1007 886 1051 a
907 982 1064 1054 Bartho-

54 1100 139 1170 lino
157 1099 228 1196 (a),
249 1101 356 1197 quasi
372 1094 469 1195 aqua
488 1098 650 1195 plurima
668 1113 843 1197 congesta
864 1097 990 1171 fuisset
1011 1100 1065 1169 in·

52 1233 116 1289 ter
135 1218 380 1315 peritonaeum
407 1231 443 1287 et
459 1215 716 1286 membranam
742 1215 974 1305 densiorem,
996 1219 1065 1290 vis·

54 1359 144 1406 cera
157 1336 282 1405 omnia
296 1337 550 1432 operientem,
567 1335 672 1406 venis
685 1335 847 1431 copiosis
871 1349 907 1406 et
929 1336 1063 1433 amplis

52 1449 251 1540 refertam,
271 1454 331 1523 cui
348 1451 395 1521 ad
421 1450 566 1548 hepatis
593 1452 786 1549 regionem
803 1476 962 1549 magnus
983 1452 1063 1525 abs·

57 1593 187 1641 cessus
197 1585 275 1640 erat
287 1569 462 1658 adnatus,
478 1594 563 1640 cum
582 1583 657 1640 tres
670 1568 835 1641 minores
847 1567 1064 1643 inferiorem

54 1687 288 1758 membranae
317 1701 459 1784 partem
489 1691 607 1784 prope
641 1688 796 1788 inguina
824 1682 1062 1784 occuparent.

55 1806 151 1894 Quae
168 1802 377 1876 observatio
395 1804 492 1875 edita
509 1821 563 1876 est
583 1828 683 1874 anno
707 1803 807 1902 1657.
827 1808 978 1876 Annum
1000 1831 1063 1878 au·

33 2017 36 2021 ¹
56 1936 138 1994 tem
157 1922 318 1993 indicavi
337 1949 413 2020 quo
431 1937 484 1995 est
506 1948 662 2021 quaeque
680 1938 970 1995 memoratarum
997 1924 1064 1996 ob·

57 2040 315 2110 servationum
328 2043 497 2138 vulgata,
515 2056 550 2111 et
569 2041 764 2137 plerasque
782 2040 1008 2136 intelligeres
1023 2045 1063 2114 in

58 2160 233 2227 omnium
251 2153 362 2230 fuisse
383 2154 557 2227 manibus
575 2171 660 2225 aute
684 2180 824 2226 annum
852 2157 964 2244 1668,
986 2184 1062 2256 quo

56 2271 337 2346 Drelincurtius
358 2272 532 2371 publicus
552 2271 742 2369 professor
759 2272 813 2343 ibi
826 2288 881 2344 cst
898 2291 1062 2366 creatus,

60 2389 134 2464 ubi
150 2390 284 2489 aliquis
295 2391 375 2486 ejus
389 2389 674 2486 discipulorum,
688 2414 773 2459 cum
790 2390 890 2460 illam
901 2389 980 2463 fuse
993 2392 1066 2466 his·

60 2510 201 2582 toriam
232 2507 411 2580 scriberet
441 2506 621 2607 hydropis
640 2509 848 2604 peritonaei,
876 2512 1065 2583 aDrelin-
1111 2563 1113 2566 ι

62 2627 186 2699 curtio
208 2642 419 2725 acceptam,
443 2651 523 2722 quae
544 2628 584 2695 in
610 2624 872 2698 additamentis
894 2627 941 2698 ad
965 2627 1063 2702 hanc

61 2744 298 2842 Sepulchreti
318 2746 519 2815 sectionem
535 2744 677 2839 adjecta
700 2758 755 2814 est
769 2743 844 2840 (3),
862 2743 955 2817 illud
976 2771 1062 2818 sane

62 2848 169 2934 haud
182 2862 338 2960 dignum
355 2860 606 2933 eruditissimo
620 2875 849 2958 praeceptore
862 2862 1064 2957 interjecit,

57 2980 198 3081 parilis
216 2994 362 3051 eventus
381 3003 447 3048 nec
462 2979 609 3063 volam,
630 3002 696 3047 nec
711 2983 906 3072 vestigium
919 2996 1066 3052 exstare

66 3097 135 3170 vel
148 3097 256 3196 apud
271 3102 434 3181 Veteres,
453 3095 519 3167 vel
530 3094 638 3193 apud
651 3099 887 3184 Neoterz'cm,
905 3121 979 3167 uiro
1000 3124 1066 3170 ex·
1107 3113 1109 3119 ’

61 3231 171 3315 cepto
187 3214 230 3285 cl.
252 3212 395 3310 Tulpio.
925 3212 928 3216 “

116 3331 171 3405 50.
190 3337 272 3402 Jam
289 3355 379 3400 vero
394 3346 542 3400 caeteras
559 3329 724 3399 indicare
745 3329 832 3400 satis
846 3331 916 3402 erit
933 3331 1061 3406 obser·

61 3451 234 3523 vationes
249 3447 416 3543 ejusdem
430 3445 632 3544 hydropis,
656 3470 736 3541 quae
758 3459 843 3543 post
863 3472 1004 3519 annum
1022 3450 1064 3520 il-

106 3735 151 3813 (ι)
172 3734 241 3791 vid
256 3753 392 3807 supran.
411 3743 459 3806 47.

107 3832 150 3914 (a)
173 3837 288 3899 Ceuclr
294 3835 384 3905 ,hise
398 3844 478 3890 artat.
493 3829 541 3888 25

109 3935 155 4015 pt)
175 3935 249 3994 Obs
265 3939 312 4033 [μ’.
