2580 4514
191 384 261 430 nie.
281 383 335 429 ιιι.
356 381 403 427 on
420 380 553 427 nonme
572 380 741 442 veniris,
762 380 871 428 zrrsr.
892 372 1044 430 x'xrrvnr.
1074 356 1144 434 583

136 522 233 573 uem
249 518 361 593 quam
381 495 421 567 in
436 510 605 567 extremo
620 493 753 592 pueliae
767 492 901 566 morbo
910 496 1043 592 junior
1053 502 1149 571 Ver·

105 691 108 696 ,
140 613 339 711 neyus(1)
361 611 554 709 conspexit
577 609 749 683 undatim
776 628 1006 685 crescentem
1026 615 1150 690 donee

142 751 301 805 omnem
323 730 494 827 corporis
524 743 702 800 truncum
727 744 949 826 occuparet,
975 746 1012 802 et
1032 733 1152 805 sicubi
1193 752 1195 757 ’

146 871 362 945 premeres,
381 863 532 924 sensum
548 845 779 943 prebentem
792 847 895 918 velut
908 848 1003 918 aeris
1016 848 1087 920 sub
1097 850 1152 920 di-

147 966 331 1064 gitisnon
344 966 422 1037 sine
437 964 582 1062 crepitu
592 959 838 1062 diffugientis,
848 963 966 1054 hanc,
978 966 1153 1064 inquam,

146 1098 252 1155 certo
268 1084 344 1154 scio
362 1080 409 1153 ab
427 1105 510 1153 aere
529 1080 599 1153 suh
615 1096 738 1152 eutem
753 1106 791 1155 se
810 1081 1045 1179 expandente
1065 1086 1152 1155 exti-

145 1202 254 1288 tisse3
281 1213 364 1271 cute
387 1199 488 1271 enim
505 1197 719 1270 abdominis
736 1199 796 1268 vix
819 1199 952 1286 incisa,
977 1199 1156 1273 intolera-

145 1318 234 1393 bilis
246 1313 342 1389 fetor
362 1316 502 1414 erupit,
514 1315 644 1413 sicque
654 1331 781 1387 tumor
794 1315 857 1386 ille
869 1317 1067 1388 universus
1078 1341 1158 1390 eva-

148 1437 244 1509 nnit.
262 1439 318 1507 Tu
335 1458 426 1505 vero
440 1433 545 1530 quod
564 1433 611 1506 ad
627 1449 803 1505 ventosne
822 1449 992 1505 tumores
1007 1437 1157 1522 attinet,

148 1551 321 1652 perlegas
334 1551 445 1622 velim
459 1575 541 1647 quae
558 1550 605 1624 de
615 1573 747 1621 eorum
757 1550 1007 1648 productione
1024 1550 1073 1622 ab
1081 1556 1158 1623 Lit-

149 1672 227 1745 trio
240 1668 340 1739 edita
357 1683 444 1739 sunt
461 1668 500 1739 in
510 1667 670 1739 Historia
681 1669 802 1764 Regiae
813 1668 1058 1743 Scientiarum
1071 1658 1161 1741 Aca·

151 1786 284 1863 demine
305 1787 522 1857 Parisiensis
540 1785 615 1880 (a).
645 1789 689 1856 In
722 1787 1010 1858 Commentariis
1032 1802 1158 1858 autern

148 1902 321 2000 ejusdem
331 1901 645 1999 Academiae(3)ab
660 1901 793 1974 eodem
801 1907 977 2002 Verneyo
987 1903 1157 2001 quaedam

153 2021 351 2121 proposita
368 2021 536 2093 invenies
552 2020 601 2093 ad
619 2021 835 2118 tympanitis
853 2022 1056 2095 secundam
1076 2045 1160 2118 spe·

152 2139 270 2226 ciem,
290 2160 377 2207 eum
399 2137 510 2209 ascite
536 2136 726 2207 interdum
756 2139 1019 2232 conjunctam
1044 2137 1163 2208 inter«

152 2253 509 2342 noscendam·,·tum
530 2252 577 2325 ad
606 2251 836 2338 cavendum,
866 2252 1070 2348 nequando
1097 2267 1162 2322 aut

136 2387 313 2474 propter
339 2369 623 2443 similitudinem
640 2367 893 2442 fluctuationis
908 2369 1090 2466 aliquam,
1110 2393 1164 2441 as·

155 2492 270 2564 citem
294 2489 418 2587 potins
448 2512 563 2585 quam
585 2487 745 2585 primam
765 2487 982 2586 tympanitis
1002 2486 1164 2584 speeiem

156 2631 244 2684 esse
273 2606 525 2704 pronuncies,
558 2620 621 2691 aut
651 2619 798 2691 contra,
837 2617 993 2701 propter
1014 2602 1163 2673 nullum

154 2725 414 2807 fluctuationis
436 2747 588 2798 sensu-m
604 2722 758 2796 ascitetn
773 2745 910 2818 neges:
929 2719 1032 2820 quod
1050 2735 1092 2791 ut
1104 2744 1165 2790 ca·

156 2866 245 2915 veas
264 2841 434 2938 quaedam
451 2843 562 2913 etiam
584 2864 629 2911 ex
655 2840 796 2912 nostris
812 2837 931 2911 faeere
954 2852 1077 2935 potest
1096 2835 1165 2908 ob-

159 2959 435 3034 servationibus
449 2957 515 3055 (4)
527 2956 673 3048 Quibus
690 2956 737 3026 de
755 2954 985 3027 rehusutiiia
997 2953 1167 3052 quaedam
1211 3041 1215 3049 ¹

160 3077 283 3174 attigit
295 3076 464 3149 medicus
478 3099 633 3175 quoque
653 3073 979 3171 praestantissimus
995 3069 1167 3141 Werlho·

160 3193 235 3267 fius
249 3192 304 3290 (5)
323 3193 515 3282 indicans,
535 3191 729 3292 quomodo
748 3191 997 3289 tympanites,
1016 3213 1168 3287 praeser-
