2580 4514
136 293 207 381 264
306 315 352 362 nn
378 312 524 362 snnrnns
548 313 592 361 nr
617 311 742 361 cansrs
766 312 977 363 nonnonnrr

135 455 206 515 na,
234 452 310 524 qua
329 432 514 526 corruptis
536 431 699 497 intestini
719 432 870 517 tunica,
891 434 930 499 in
954 427 1116 501 abdomen
1180 478 1182 523 ,

135 572 156 621 e
163 544 346 640 funditur
354 543 609 644 ponderosum
632 528 835 617 metallum.
854 547 941 617 Non
964 559 1056 644 puto
1072 571 1118 619 au·

136 677 213 739 tem
226 689 248 734 a
267 679 302 735 te
320 661 433 734 nobis
450 659 641 758 objecturp
657 661 703 732 iri
717 661 762 732 cl.
776 661 1069 751 Wahrendorffii
1081 663 1120 760 (ι)
1179 692 1181 697 ·

136 781 451 865 observationem,
462 804 544 875 quae
557 779 714 851 ileosum
730 782 998 876 proponit,cui
1010 780 1123 855 selibra

129 899 318 975 'mercurii
333 898 416 969 data
430 898 469 966 in
489 896 601 968 colon
620 921 739 995 usque
759 913 1001 996 pervaserat,
1020 923 1124 997 neque

138 1031 262 1091 tamen
279 1012 463 1086 fracidum
485 1016 740 1085 ventriculum
763 1030 829 1087 aut
852 1015 1073 1088 duodenum
1088 1018 1127 1089 in·

138 1135 316 1208 testinum
355 1130 532 1230 sphacelo
574 1133 870 1204 contaminatum
908 1149 1127 1232 perruperat.

140 1255 235 1326 Cum
253 1251 352 1320 eninr
365 1274 461 1346 ager
466 1263 559 1348 post
571 1249 735 1322 triduum
747 1248 794 1321 ab
808 1249 945 1322 hausto
961 1252 1130 1323 mercurio

144 1367 365 1453 decesserit,
384 1364 488 1437 facile
505 1366 682 1464 intelligis
699 1392 744 1438 eo
761 1369 881 1463 spatio
895 1370 1134 1466 temporisin·
1180 1430 1182 1459 ÷

141 1483 396 1558 flammatione
416 1508 497 1579 quae
516 1485 554 1553 in
572 1483 704 1579 jejuno
723 1501 759 1555 et
777 1484 851 1555 ileo
867 1484 997 1557 adhuc
1013 1488 1134 1558 eratin

145 1602 324 1675 duodeno
348 1615 383 1671 et
407 1598 634 1688 ventriculo,
656 1602 693 1671 in
717 1600 934 1699 sphacelum
955 1605 1025 1700 qui
1048 1618 1137 1675 antea
1178 1670 1181 1675 .

145 1745 226 1792 non
244 1733 339 1790 esset
356 1771 366 1807 ‚
384 1717 613 1815 degenerare
638 1721 814 1815 potuisse.
835 1721 913 1791 Nec
932 1719 1046 1792 valde
1064 1719 1140 1793 absi·

146 1836 228 1910 mili
262 1835 506 1932 responsione
542 1860 696 1908 usurum
735 1851 770 1909 te
801 1836 975 1926 credam,
1007 1839 1039 1911 si
1070 1839 1139 1937 quis

150 1950 398 2026 Schrockium
428 1950 483 2047 (α)
513 1951 685 2049 objicia13
714 1953 845 2049 quiin
875 1953 1060 2027 diuturna
1086 1955 1142 2030 atti

151 2069 429 2158 obstructione,
442 2067 555 2140 libras
572 2071 716 2167 argenti
731 2071 804 2140 vivi
817 2071 968 2143 circiter
983 2073 1078 2146 duas
1089 2071 1144 2153 ,ad

149 2188 298 2259 initium
315 2202 350 2259 et
365 2184 478 2257 finem
494 2188 556 2259 ilei
574 2188 740 2258 intestini
763 2185 1038 2284 deprehendit,
1066 2192 1146 2264 etin

150 2306 416 2376 minutissimas
429 2303 625 2400 disjectum
643 2304 846 2401 particulas
856 2305 1059 2381 adhaesisse
1070 2308 1148 2381 vidit

150 2421 215 2492 ilei
233 2422 389 2509 tunicis,
413 2446 538 2518 neque
558 2420 625 2492 has
644 2420 877 2518 perforasse,
893 2427 962 2496 etsi
983 2427 1150 2500 intestina

153 2562 233 2611 non
266 2537 494 2609 inflammata
526 2537 699 2635 quidem,
731 2539 796 2610 sed
820 2538 1011 2614 infirmata
1041 2558 1152 2618 esseut

153 2655 266 2758 adeo,
287 2671 328 2726 ut
356 2657 470 2754 paulo
492 2655 622 2727 durius
653 2670 884 2729 contrectata
911 2659 1153 2757 aliquibusrit

156 2771 246 2846 locis
269 2788 547 2872 rumperentur.
568 2776 656 2845 Dies
677 2775 777 2845 enim
795 2776 896 2847 inter
915 2778 1091 2851 ultimam
1107 2805 1153 2852 ro·

153 2891 269 2962 medii
310 2890 581 2962 exhibitionem
616 2906 653 2961 ct
684 2908 845 2964 mortem
872 2896 1154 2970 intercesserant

153 3008 240 3113 plus
257 3009 409 3106 viginti,
437 3023 479 3080 ut
496 3009 655 3079 distenta
674 3033 759 3081 aere
784 3026 820 3083 et
844 3007 999 3085 faecibus
1017 3017 1153 3089 intesti-

152 3150 202 3195 na
234 3122 438 3196 fracescerc
462 3139 630 3197 extremo
664 3125 817 3205 demum
844 3133 1043 3227 potuerint
1066 3148 1151 3205 tem·

150 3266 268 3340 pore,
287 3267 411 3339 neque
433 3256 581 3314 constat
595 3269 641 3314 an
657 3244 708 3316 ita
731 3241 873 3316 fracida
900 3263 1028 3321 essent
1047 3250 1093 3321 ad
1114 3275 1150 3323 ca

151 3382 306 3456 quoque
338 3359 440 3446 loca,
468 3360 506 3428 in
536 3361 676 3458 quibus
708 3361 925 3437 substiterat
955 3384 1151 3465 argentum

148 3499 287 3545 Vtvttttl.

155 3654 1144 3684 Q

188 3756 232 3833 (1)
253 3760 319 3811 Act.
338 3758 376 3810 N.
394 3758 427 3812 C.
444 3769 464 3812 t.
482 3760 509 3827 3,
527 3760 593 3816 obs.
611 3761 683 3830 131,
701 3773 771 3820 ante
786 3762 836 3820 fin.

188 3852 233 3934 (n)
254 3856 396 3913 Eorumd.
410 3857 473 3918 dec·
493 3858 577 3931 3,n.
593 3858 857 3940 5e16,0b³.299.
