2580 4514
152 404 219 455 un.
247 408 382 456 ill-‚us
406 407 543 455 Moesis
567 407 739 471 VENTRIS,
764 409 876 456 EPIST.
897 411 1008 456 xxxn.
1038 410 1104 456 201

121 521 223 594 uoles
243 546 449 620 corporum
475 544 608 593 eorum
628 546 710 619 quae
735 520 831 591 nihil
855 522 972 618 magis
996 546 1109 617 quam

126 639 348 739 conglobatas
367 637 562 738 glandulas
572 637 700 710 colore
710 662 865 735 quoque
881 636 1111 726 referebant,

129 780 161 829 eo
177 759 288 856 magis
305 757 638 856 augebanturquo
661 757 776 854 magis
800 755 1108 841 descendebatur.

133 872 242 945 Infima
275 889 400 946 tamen
425 896 512 972 pars
528 875 704 945 'intestini
734 889 874 971 quanta
900 889 1111 944 transverso

133 989 226 1089 digito
243 994 385 1092 operiri
402 993 709 1091 potuisset,·cum
726 1016 813 1064 sana
831 1005 945 1077 esset,
966 989 1013 1061 ab
1031 992 1112 1088 ipso
1129 1050 1132 1064 ,

133 1106 263 1181 demum
301 1125 471 1181 extremo
500 1102 574 1180 auo
602 1109 821 1208 pendebant
857 1110 1114 1180 excrescentiae

131 1222 212 1314 duae,
233 1243 389 1325 eratque
409 1229 549 1299 circum
569 1252 684 1298 auum
706 1228 803 1298 cutis
817 1226 948 1297 leviter
972 1225 1116 1295 exulce-

129 1358 201 1416 uta.
524 1357 527 1361 ’

164 1463 196 1533 8.
223 1465 334 1533 Nunc
352 1476 395 1533 ut
412 1461 616 1560 intelligam,
629 1461 807 1533 Valsaivae
826 1477 864 1533 et
885 1476 1032 1532 nostras
1048 1460 1117 1531 ob·

119 1582 343 1652 servationes
363 1581 496 1652 minus'
511 1605 625 1679 quam
646 1605 667 1650 a
685 1581 809 1677 primo
819 1577 984 1650 'sortasse
1006 1602 1120 1676 appa-

119 1712 189 1785 tet,
206 1697 255 1768 ab
274 1697 521 1798 Ruyschianis
538 1695 712 1785 differre,
738 1695 997 1795 comparando
1016 1697 1120 1767 iuve-

119 1812 213 1903 ries,
239 1840 380 1912 aegrum
403 1841 558 1912 quoque
580 1814 760 1912 Ruyschii
783 1815 950 1913 primum
971 1813 1025 1909 (1)
1048 1814 1121 1884 alvi

119 1932 219 2005 bees
235 1959 324 2005 cum
344 1935 517 2005 timorosa
538 1949 575 2004 et
583 1932 794 2032 purulenta
820 1938 980 2005 materia
995 1957 1122 2003 excre-

119 2049 233 2140 visse3
260 2051 413 2124 alterius
438 2068 563 2124 autem
584 2052 639 2149 (a)
663 2050 840 2122 morbum
857 2076 878 2121 a
897 2049 1123 2147 quibusdam

119 2169 270 2265 nedicis
306 2169 491 2241 creditum
519 2169 813 2241 haemorrhoides
842 2194 940 2240 esse:
958 2193 1122 2265 quorum
1229 2165 1233 2175 ’

119 2289 385 2384 utrumquem
419 2287 610 2384 plerisque
637 2289 749 2358 etiam
774 2286 910 2357 accidit
944 2289 1126 2384 aegrotan-

119 2407 212 2477 ium
231 2420 462 2476 nostrorum.
483 2402 736 2493 Quin'credo‚
751 2406 856 2476 'inter
876 2428 1003 2489 causas
1022 2420 1125 2477 caete-

119 2547 196 2612 ras,
216 2547 336 2619 quare
350 2522 424 2593 hoc
442 2522 596 2610 vitium,
613 2523 785 2619 quamvis
805 2521 959 2593 fortasse
976 2547 1055 2592 uon
1076 2523 1126 2593 ita

119 2664 269 2727 rarum,
294 2638 537 2740 paucioribus
560 2640 789 2727 innotuerit,
807 2665 878 2711 nec
893 2638 970 2711 fere
991 2639 1063 2709 nisi
1078 2663 1128 2709 se·

119 2760 219 2857 rius,
252 2759 420 2830 immisso
449 2757 603 2830 tandem
631 2757 770 2856 digito,
794 2772 1019 2855 agnoscatur
1037 2781 1130 2854 prae-

119 2878 274 2976 cipuam
300 2875 403 2964 illam
437 2884 535 2964 esse,
566 2875 671 2973 quod
701 2877 788 2974 aegri
808 2891 845 2946 et
876 2874 1012 2944 medici
1035 2873 1129 2945 nihil

119 2996 348 3096 plerumque
375 2992 527 3067 subesse
557 2995 665 3082 mali,
688 2995 760 3065 nisi
787 2992 1129 3077 haemorrhoidum,

119 3102 368 3187 arbitrentur.
399 3116 415 3181 Ι
419 3127 531 3209 taque
555 3113 595 3182 in
612 3113 684 3210 illo
710 3112 828 3184 altero
846 3110 1025 3208 Ruyschii
1046 3136 1132 3183 casu

119 3257 185 3304 eas
203 3237 301 3328 'esse'
318 3254 388 3328 per
414 3231 619 3302 incisiones
653 3226 876 3301 auferendas
905 3243 1142 3313 statuerunt,
1231 3308 1233 3313 s

119 3350 242 3448 idque
264 3349 375 3419 etiam
402 3348 610 3436 incassum,
638 3363 682 3420 ut
705 3373 858 3419 necesse
889 3363 989 3435 erat,
1013 3362 1132 3419 tenta·

120 3483 207 3539 tum
228 3479 294 3537 est.
317 3469 362 3536 Et
383 3488 472 3536 sane
491 3467 521 3539 si
540 3464 599 3537 vel
622 3465 809 3560 ejusmodi
830 3481 927 3538 esset
941 3464 998 3552 id,
1027 3464 1133 3561 quod

121 3584 413 3683 descripsimus,
445 3583 571 3655 morbi
604 3607 741 3682 genus,
769 3599 810 3655 ut
835 3583 1005 3680 chirurgi
1032 3579 1132 3653 ferro

163 3867 209 3946 (ι)
230 3867 306 3925 Obs.
321 3867 396 3925 ibid.
411 3868 462 3944 cit.
477 3868 526 3944 95.

160 3970 207 4048 (a)
228 3969 306 4027 Ohs.
318 3968 369 4044 96.
