2580 4514
188 363 259 411 nm.
288 363 344 411 111.
373 364 913 428 nnuonmsvnurn1s,nr1su
941 366 1046 412 xxxv.
1075 343 1147 434 343
1182 345 1185 349 ’

141 476 290 550 calculi.
310 481 355 548 In
374 476 527 549 thorace
553 501 621 548 cor
648 491 685 549 et
710 477 962 575 pericardium
988 480 1154 579 pingue-

142 594 232 667 dine
249 609 487 694 praegtavata.

196 736 253 810 ¹9·
274 712 359 783 Sive
375 709 457 784 haec
478 735 719 810 praegravans
748 710 993 810 pinguedinis
1018 717 1150 813 copia,

142 830 221 902 sive
250 829 362 902 etiam
389 828 614 902 hereditarii
643 828 808 927 aliquid,
839 843 880 900 ut
907 854 951 900 ea
970 830 1150 906 indicant

141 971 227 1045 quae
241 946 290 1017 de
299 970 411 1045 rege,
427 946 508 1044 ejus
523 962 700 1045 parente,
716 945 805 1017 olim
824 946 979 1018 memini
996 948 1147 1046 legisse,

141 1063 223 1137 illas
244 1064 376 1163 pulsus
402 1065 671 1163 inaequalitates
702 1062 879 1154 faciebat3
910 1089 1148 1165 gangrenam

142 1197 247 1254 certe
264 1179 532 1255 intestinorum
546 1206 753 1280 praegressae
767 1183 920 1281 potius,
938 1207 1024 1255 cum
1037 1183 1148 1273 dolor

137 1313 318 1396 urgeret,
332 1298 617 1378 inflammationi
634 1325 747 1398 quam
757 1315 844 1371 atrae
853 1297 961 1388 bilis,
979 1314 1019 1371 ut
1032 1301 1147 1400 vulgo

142 1416 287 1488 dictum
316 1432 389 1506 est,
416 1416 617 1514 dejectioni
646 1416 887 1488 tribuendam
922 1419 1145 1515 putaverim.

140 1536 274 1632 Neque
293 1535 395 1609 enim
413 1534 572 1634 dejectio
591 1536 702 1607 etiam
724 1533 977 1608 ventriculum
999 1534 1147 1610 infecis-

140 1667 217 1741 set,
233 1653 326 1724 etin
342 1651 454 1725 vidua
473 1652 520 1724 de
534 1636 609 1751 qua
624 1653 739 1751 paulo
756 1676 871 1752 supra
889 1651 944 1750 (1)
963 1655 1147 1752 scriptum

142 1784 216 1857 eet,
248 1772 356 1867 nigra
380 1770 534 1867 quidem
562 1769 628 1843 sed
655 1769 797 1868 putridi
829 1771 1040 1871 sanguinis,
1065 1797 1147 1844 non

139 1902 229 1959 atrae
250 1886 358 1978 hilis,
383 1891 524 1987 egestio
558 1888 705 1961 obitum
731 1890 940 1962 antecessit.
969 1893 1016 1962 At
1043 1892 1147 1963 enim

139 2029 220 2076 non
239 2005 442 2078 verisimile
457 2022 532 2092 est,
555 2008 702 2105 inquis,
715 2007 848 2105 ‚plures
867 2021 904 2079 et
923 2008 1146 2084 exercitatos

140 2125 179 2196 in
199 2124 331 2223 primis
346 2124 543 2211 medicos,
560 2124 692 2223 quales
722 2124 769 2196 ad
795 2125 1013 2223 principum
1037 2149 1145 2199 cura-

139 2244 283 2315 tionem
301 2241 423 2314 eolent
442 2242 640 2331 advocari,
660 2266 739 2313 non
758 2242 978 2340 cognovisse
996 2240 1145 2315 inflam-

139 2361 363 2449 mationem,
375 2385 501 2458 neque
516 2359 632 2457 hujus
654 2361 695 2430 in
714 2384 961 2459 gangrenam
981 2359 1142 2460 degpne·

139 2480 335 2550 rationem.
352 2483 432 2576 Ego
448 2504 539 2550 vero
554 2478 601 2549 de
613 2478 715 2564 aliis,
733 2479 939 2575 praesertim
953 2480 991 2550 in
1005 2479 1143 2552 morbo

130 2618 255 2696 -quem
275 2598 356 2694 ipse
383 2620 461 2667 non
480 2595 660 2684 uiderim,
686 2619 765 2666 non
793 2620 901 2667 secus
932 2587 984 2669 ac'
1002 2595 1049 2669 de
1081 2622 1143 2670 me

137 2715 274 2789 vellem
289 2716 460 2813 judicare
476 2713 628 2802 solitus,
645 2712 961 2786 consuetudinem
978 2711 1041 2786 hie
1051 2739 1145 2812 quo·

137 2859 215 2934 que
231 2833 368 2906 tuebor
384 2857 507 2906 meam
525 2833 716 2906 neminem
728 2847 870 2903 temere
887 2831 1143 2924 insimulandi,

136 2968 175 3026 et
193 2953 266 3028 nisi
283 2966 326 3023 tu
348 2951 541 3052 dissentis,
562 2949 681 3038 hanc,
710 2949 813 3022 nulla
831 2950 971 3048 proevia
998 2946 1144 3022 inflam-

133 3072 323 3156 matione,
355 3091 591 3168 gangrenam
624 3067 720 3141 aiam
743 3068 959 3143 accessisse.
1003 3069 1143 3167 Magno

132 3206 292 3265 auctore
298 3187 342 3260 id
351 3185 506 3270 faciam,
519 3187 692 3260 Fernelio
704 3185 777 3285 (a),
791 3186 857 3285 qui
869 3200 955 3286 post
964 3185 1142 3259 dolorem

132 3308 470 3396 immanissimum,
484 3321 692 3379 entremum
706 3303 842 3403 pedem
860 3303 1144 3402 aliquando-re·

125 3442 247 3529 pente
263 3424 521 3524 sphueelatum
534 3421 648 3512 vidit,
666 3429 745 3493 sine
764 3423 901 3494 rubore
922 3427 1143 3522 conspicuo,

129 3558 177 3616 ut
201 3542 368 3639 denique
389 3546 499 3613 miser
517 3545 796 3636 extingueretur
816 3545 895 3612 sine
904 3540 1020 3631 febre
1030 3591 1042 3625 ‚
1062 3544 1144 3609 siue

166 3826 215 3906 (ι)
235 3828 275 3884 Ν.
296 3825 342 3883 16.

164 3929 213 4008 (a)
233 3928 280 3985 De
294 3925 388 3984 addit.
405 3943 463 3984 rer.
481 3941 561 3983 caua.
575 3925 597 3983 1.
613 3941 645 4000 a,
658 3943 684 3983 e.
700 3920 746 3983 15.
