2580 4514
53 361 128 408 nra.
150 360 205 406 111.
227 361 273 407 nn
295 359 431 407 noners
446 359 616 423 vaurms,
636 360 748 406 nrrsr.
769 361 921 426 xxxvrn.
950 337 1020 435 637

10 474 121 563 lecta,
151 487 192 544 ut
215 473 274 545 h'is
297 499 452 571 quoque
472 474 670 570 conspexit
690 473 942 570 ampdissimus
960 480 1024 549 Sc·

10 593 165 687 nacius(
194 593 218 683 ).

56 715 115 800 44.
139 710 212 780 Sed
224 710 333 787 aliam
347 710 410 782 hic
425 736 446 781 a
461 734 522 780 me
539 708 645 780 facile
660 723 833 807 expectas
847 711 1022 809 originis,

10 853 85 923 pon
103 829 320 900 cicatricum
348 825 414 900 scd
433 826 657 924 hydatidum
676 827 929 925 quarumdam
960 855 1021 900 ex·
1066 848 1072 859 '

10 946 269 1047 plicationem,
295 945 425 1043 quales
445 944 621 1017 videlicet
638 948 678 1015 in
698 945 892 1043 leporibus
915 970 1025 1019 cons·

10 1065 113 1163 pexit
132 1062 333 1156 taedioso)
346 1088 425 1134 non
443 1062 559 1133 modo
579 1064 677 1133 intra
697 1064 806 1159 jecur
825 1064 1024 1156 acervatim

10 1179 204 1269 conditas,
221 1196 259 1251 et
277 1182 376 1252 inter
392 1207 430 1253 se
448 1181 659 1280 colligatas,
683 1180 747 1252 sed
773 1197 809 1252 et
837 1180 906 1252 sub
927 1182 1024 1277 ejus,
1099 1174 1113 1189 '¹

10 1313 48 1371 et
65 1300 183 1370 totius
202 1296 468 1370 alimentorum
480 1301 626 1371 canalis
645 1301 781 1371 extima
799 1301 947 1389 tunica,
967 1301 1027 1370 in·

10 1431 149 1513 terque
169 1417 385 1488 mesenterii
407 1416 645 1488 membranas
663 1418 743 1488 sine
762 1417 840 1487 ulla
860 1441 947 1487 cum
969 1416 1028 1489 his

10 1533 248 1622 cohaesione,
267 1535 344 1605 imo
360 1549 398 1607 et
415 1534 551 1607 liberas
569 1536 717 1634 plures,
735 1561 777 1606 ac
792 1536 950 1607 omnino
967 1560 1029 1607 so·

10 1652 110 1724 lutas
132 1653 171 1722 in
186 1654 328 1724 ventris
348 1676 439 1723 cavo
463 1655 777 1727 animalculorum
798 1656 915 1725 instar
946 1659 1028 1750 quae
1081 1632 1085 1643 ³

10 1792 52 1842 se
69 1769 146 1840 huc
173 1768 340 1866 illucque
362 1767 535 1843 conferre
556 1787 734 1869 possent,
765 1771 963 1870 degentem
986 1786 1029 1841 ut

10 1888 56 1959 in
74 1901 242 1959 mentem
263 1889 333 1986 ipsi
351 1891 513 1976 venerit,
529 1890 634 1987 quod
650 1905 686 1961 et
697 1891 860 1986 Tysonio
879 1903 1029 1986 postea,

11 2020 58 2078 ut
68 2028 188 2103 ¹supra
196 2004 254 2102 (3)
264 2005 360 2093 dixi,
378 2011 616 2106 perquirere3
630 2034 677 2078 an
690 2011 830 2079 insecta
846 2007 1030 2104 quaedam,
1079 2050 1081 2055 -

11 2123 76 2197 vel
92 2124 455 2222 potiusembry'ones
466 2147 600 2199 eorum
614 2141 737 2197 essent
749 2150 931 2222 :quarum
945 2150 1033 2196 cou-

10 2244 251 2340 jecturarum.
266 2243 365 2315 hanc
376 2245 462 2340 jure
477 2269 498 2314 a
514 2245 677 2341 Tysonio
698 2232 875 2338 rejectam
900 2242 1030 2332 vide03

10 2359 178 2460 primam
194 2374 341 2449 autem,
365 2377 408 2432 ut
432 2376 563 2432 caetera
583 2361 777 2446 omittam,
808 2358 911 2430 haud
946 2363 1033 2432 satis

13 2501 104 2550 cum
116 2479 381 2576 experimentis
393 2504 625 2578 congruere,
639 2503 720 2576 quae
731 2477 1032 2575 limpidissimam

10 2619 96 2701 ‚qua
113 2594 232 2693 plenae
250 2611 379 2686 erant,
400 2623 537 2696 aquam
553 2597 652 2695 ignis
666 2597 703 2665 vi
721 2620 919 2692 nunquam
942 2620 1035 2665 con·-
1137 2603 1140 2610 “

16 2712 180 2786 crevisse
211 2715 472 2788 ostenderunt·
501 2716 685 2813 Tysonius
710 2738 819 2800 vero,
862 2715 1036 2810 quamvis

17 2830 150 2929 primae
165 2828 226 2901 isti
239 2832 465 2927 conjecturae
479 2832 652 2904 addictus
672 2856 757 2903 curn
773 2844 930 2929 propter
945 2831 1035 2918 alia,

19 2961 105 3020 tum
116 2947 205 3043 quia
219 2971 370 3037 suarum
383 2950 624 3048 hydatidum,
638 2975 718 3048 quae
730 2974 775 3019 ex
788 2948 867 3019 aliis
881 2964 1037 3046 sumptae

19 3063 292 3157 erantbestiis,
312 3069 444 3155 intima
469 3070 596 3140 tunica
621 3066 765 3137 nullam
788 3089 875 3136 cum
901 3068 1038 3138 extima

22 3206 101 3280 qua
120 3180 292 3280 undique
315 3186 556 3285 cingebatur,
576 3185 827 3256 cohaesionem
842 3182 1037 3268 {habebam

21 3296 143 3371 fassus
160 3312 215 3370 est
233 3315 357 3376 tamen
370 3360 380 3394 ,
395 3305 494 3376 hanc
519 3306 693 3376 extimam
710 3307 812 3373 uasis
827 3308 1040 3399 sanguineis

22 3422 244 3488 instructam
276 3447 371 3511 esse,
400 3447 525 3519 neque
552 3419 751 3518 hydatides
780 3435 936 3492 cunctas
961 3445 1040 3499 esse

67 3725 113 3804 (1)
131 3726 232 3784 Traite
248 3727 290 3784 du
302 3744 394 3800 coeur,
409 3727 477 3795 tt..
492 3725 540 3782 ch.
556 3725 592 3797 3,
607 3743 640 3781 n.
655 3729 683 3791 4.

72 3823 115 3905 (a)
139 3828 295 3901 Osservaz.
315 3827 367 3882 cit.
450 3898 453 3905 Ι
695 3842 698 3847 ·

69 3923 112 4006 (3)
133 3929 171 3984 N.
196 3927 244 3983 38.
