<?xml version="1.0" encoding="UTF-8"?>
<!DOCTYPE html PUBLIC "-//W3C//DTD XHTML 1.0 Transitional//EN"
    "http://www.w3.org/TR/xhtml1/DTD/xhtml1-transitional.dtd">
<html xmlns="http://www.w3.org/1999/xhtml" xml:lang="en" lang="en">
 <head>
  <title>
</title>
<meta http-equiv="Content-Type" content="text/html;charset=utf-8" />
  <meta name='ocr-system' content='tesseract 3.04.00' />
  <meta name='ocr-capabilities' content='ocr_page ocr_carea ocr_par ocr_line ocrx_word'/>
</head>
<body>
  <div class='ocr_page' id='page_1' title='image "./desedibusetcaus00adelgoog_0055.png"; bbox 0 0 2580 4514; ppageno 0'>
   <div class='ocr_carea' id='block_1_1' title="bbox 155 374 990 463">
    <p class='ocr_par' dir='ltr' id='par_1_1' title="bbox 155 374 990 463">
     <span class='ocr_line' id='line_1_1' title="bbox 155 374 990 463; baseline 0.01 -22"><span class='ocrx_word' id='word_1_1' title='bbox 155 374 203 463; x_wconf 69' lang='lat'><strong>46</strong></span> <span class='ocrx_word' id='word_1_2' title='bbox 249 436 255 450; x_wconf 86' lang='grc'><em>,</em></span> <span class='ocrx_word' id='word_1_3' title='bbox 318 395 365 444; x_wconf 78' lang='lat' dir='ltr'><strong>nr</strong></span> <span class='ocrx_word' id='word_1_4' title='bbox 391 393 538 443; x_wconf 75' lang='lat' dir='ltr'><strong>surmus</strong></span> <span class='ocrx_word' id='word_1_5' title='bbox 561 396 607 444; x_wconf 81' lang='lat' dir='ltr'><strong>rr</strong></span> <span class='ocrx_word' id='word_1_6' title='bbox 631 395 756 445; x_wconf 76' lang='lat' dir='ltr'><strong>causrs</strong></span> <span class='ocrx_word' id='word_1_7' title='bbox 781 400 990 448; x_wconf 80' lang='lat' dir='ltr'><strong>nonnonun</strong></span> 
     </span>
    </p>
   </div>
   <div class='ocr_carea' id='block_1_2' title="bbox 93 508 1189 3093">
    <p class='ocr_par' dir='ltr' id='par_1_2' title="bbox 157 508 1165 615">
     <span class='ocr_line' id='line_1_2' title="bbox 157 508 1165 615; baseline 0.004 -30"><span class='ocrx_word' id='word_1_8' title='bbox 157 512 226 585; x_wconf 92' lang='lat' dir='ltr'><strong>sub</strong></span> <span class='ocrx_word' id='word_1_9' title='bbox 239 535 400 582; x_wconf 90' lang='lat' dir='ltr'><strong>numero</strong></span> <span class='ocrx_word' id='word_1_10' title='bbox 415 514 441 578; x_wconf 93' lang='lat' dir='ltr'><strong>I.</strong></span> <span class='ocrx_word' id='word_1_11' title='bbox 463 508 563 600; x_wconf 85' lang='lat' dir='ltr'>Quid</span> <span class='ocrx_word' id='word_1_12' title='bbox 576 511 590 580; x_wconf 70' lang='grc' dir='ltr'><strong><em>Ρ</em></strong></span> <span class='ocrx_word' id='word_1_13' title='bbox 602 511 707 608; x_wconf 92' lang='lat' dir='ltr'><strong>quod</strong></span> <span class='ocrx_word' id='word_1_14' title='bbox 724 512 867 609; x_wconf 83' lang='lat' dir='ltr'><strong>aliqua,</strong></span> <span class='ocrx_word' id='word_1_15' title='bbox 886 531 928 586; x_wconf 95' lang='lat' dir='ltr'><strong>ut</strong></span> <span class='ocrx_word' id='word_1_16' title='bbox 942 541 1023 613; x_wconf 86' lang='lat' dir='ltr'><strong>quae</strong></span> <span class='ocrx_word' id='word_1_17' title='bbox 1042 522 1165 615; x_wconf 86' lang='lat' dir='ltr'><strong>proxi-</strong></span> 
     </span>
    </p>

    <p class='ocr_par' dir='ltr' id='par_1_3' title="bbox 155 628 1164 731">
     <span class='ocr_line' id='line_1_3' title="bbox 155 628 1164 731; baseline 0.004 -29"><span class='ocrx_word' id='word_1_18' title='bbox 155 656 216 702; x_wconf 88' lang='lat' dir='ltr'><strong>me</strong></span> <span class='ocrx_word' id='word_1_19' title='bbox 232 631 422 727; x_wconf 86' lang='lat' dir='ltr'><strong>sequitur‚</strong></span> <span class='ocrx_word' id='word_1_20' title='bbox 443 653 529 698; x_wconf 90' lang='lat' dir='ltr'><strong>cum</strong></span> <span class='ocrx_word' id='word_1_21' title='bbox 557 628 604 698; x_wconf 89' lang='lat' dir='ltr'><strong>ad</strong></span> <span class='ocrx_word' id='word_1_22' title='bbox 630 653 694 701; x_wconf 91' lang='lat' dir='ltr'><strong>eos</strong></span> <span class='ocrx_word' id='word_1_23' title='bbox 719 635 907 728; x_wconf 82' lang='lat' dir='ltr'><strong>pertineat</strong></span> <span class='ocrx_word' id='word_1_24' title='bbox 936 634 1001 731; x_wconf 93' lang='lat' dir='ltr'><strong>qui</strong></span> <span class='ocrx_word' id='word_1_25' title='bbox 1030 658 1164 707; x_wconf 88' lang='lat' dir='ltr'><strong>conco·</strong></span> 
     </span>
    </p>

    <p class='ocr_par' dir='ltr' id='par_1_4' title="bbox 156 747 1165 851">
     <span class='ocr_line' id='line_1_4' title="bbox 156 747 1165 851; baseline 0.006 -32"><span class='ocrx_word' id='word_1_26' title='bbox 156 774 284 848; x_wconf 86' lang='lat' dir='ltr'><strong>quere,</strong></span> <span class='ocrx_word' id='word_1_27' title='bbox 306 747 442 818; x_wconf 86' lang='lat' dir='ltr'><strong>nedum</strong></span> <span class='ocrx_word' id='word_1_28' title='bbox 460 753 648 817; x_wconf 82' lang='lat' dir='ltr'><strong>continere</strong></span> <span class='ocrx_word' id='word_1_29' title='bbox 660 751 780 820; x_wconf 81' lang='lat' dir='ltr'><strong>cibum</strong></span> <span class='ocrx_word' id='word_1_30' title='bbox 791 766 829 820; x_wconf 85' lang='lat' dir='ltr'><strong>et</strong></span> <span class='ocrx_word' id='word_1_31' title='bbox 843 768 1022 851; x_wconf 86' lang='lat' dir='ltr'><strong>appetere</strong></span> <span class='ocrx_word' id='word_1_32' title='bbox 1035 753 1091 823; x_wconf 86' lang='lat' dir='ltr'><strong>ad</strong></span> <span class='ocrx_word' id='word_1_33' title='bbox 1103 780 1165 824; x_wconf 83' lang='lat' dir='ltr'><strong>ex·</strong></span> 
     </span>
    </p>

    <p class='ocr_par' dir='ltr' id='par_1_5' title="bbox 130 867 1162 1085">
     <span class='ocr_line' id='line_1_5' title="bbox 155 867 1162 962; baseline 0.007 -26"><span class='ocrx_word' id='word_1_34' title='bbox 155 883 311 937; x_wconf 86' lang='lat' dir='ltr'><strong>tremum</strong></span> <span class='ocrx_word' id='word_1_35' title='bbox 313 867 403 957; x_wconf 84' lang='lat' dir='ltr'><strong>fere</strong></span> <span class='ocrx_word' id='word_1_36' title='bbox 418 870 509 937; x_wconf 79' lang='lat' dir='ltr'><strong>vitre</strong></span> <span class='ocrx_word' id='word_1_37' title='bbox 523 881 748 962; x_wconf 85' lang='lat' dir='ltr'><strong>potuerunt,</strong></span> <span class='ocrx_word' id='word_1_38' title='bbox 769 892 837 938; x_wconf 90' lang='lat' dir='ltr'><strong>cur</strong></span> <span class='ocrx_word' id='word_1_39' title='bbox 850 869 948 940; x_wconf 91' lang='lat' dir='ltr'><strong>istuc</strong></span> <span class='ocrx_word' id='word_1_40' title='bbox 968 869 1086 941; x_wconf 87' lang='lat' dir='ltr'><strong>relata</strong></span> <span class='ocrx_word' id='word_1_41' title='bbox 1097 874 1162 959; x_wconf 87' lang='lat' dir='ltr'><strong>sit,</strong></span> 
     </span>
     <span class='ocr_line' id='line_1_6' title="bbox 130 999 410 1085; baseline 0.004 -31"><span class='ocrx_word' id='word_1_42' title='bbox 130 1065 134 1073; x_wconf 31' lang='grc' dir='ltr'>Ι</span> <span class='ocrx_word' id='word_1_43' title='bbox 152 1008 232 1054; x_wconf 92' lang='lat' dir='ltr'><strong>non</strong></span> <span class='ocrx_word' id='word_1_44' title='bbox 248 999 410 1085; x_wconf 88' lang='lat' dir='ltr'><strong>apparet.</strong></span> 
     </span>
    </p>

    <p class='ocr_par' dir='ltr' id='par_1_6' title="bbox 149 1101 1162 1545">
     <span class='ocr_line' id='line_1_7' title="bbox 203 1101 1160 1205; baseline 0.007 -33"><span class='ocrx_word' id='word_1_45' title='bbox 203 1129 235 1172; x_wconf 70' lang='grc' dir='ltr'><strong>α.</strong></span> <span class='ocrx_word' id='word_1_46' title='bbox 258 1101 440 1173; x_wconf 88' lang='lat' dir='ltr'><strong>Sectionis</strong></span> <span class='ocrx_word' id='word_1_47' title='bbox 469 1115 593 1172; x_wconf 89' lang='lat' dir='ltr'><strong>autem</strong></span> <span class='ocrx_word' id='word_1_48' title='bbox 616 1105 649 1171; x_wconf 87' lang='lat' dir='ltr'><strong>V</strong></span> <span class='ocrx_word' id='word_1_49' title='bbox 674 1117 789 1199; x_wconf 89' lang='lat' dir='ltr'><strong>quota</strong></span> <span class='ocrx_word' id='word_1_50' title='bbox 816 1101 971 1176; x_wconf 89' lang='lat' dir='ltr'><strong>demum</strong></span> <span class='ocrx_word' id='word_1_51' title='bbox 998 1130 1160 1205; x_wconf 84' lang='lat' dir='ltr'><strong>quaeque</strong></span> 
     </span>
     <span class='ocr_line' id='line_1_8' title="bbox 152 1220 1162 1316; baseline 0.004 -24"><span class='ocrx_word' id='word_1_52' title='bbox 152 1220 364 1293; x_wconf 86' lang='lat' dir='ltr'><strong>observatio</strong></span> <span class='ocrx_word' id='word_1_53' title='bbox 379 1235 453 1306; x_wconf 86' lang='lat' dir='ltr'><strong>est,</strong></span> <span class='ocrx_word' id='word_1_54' title='bbox 476 1220 523 1290; x_wconf 84' lang='lat' dir='ltr'><strong>de</strong></span> <span class='ocrx_word' id='word_1_55' title='bbox 545 1245 619 1316; x_wconf 91' lang='lat' dir='ltr'><strong>qua</strong></span> <span class='ocrx_word' id='word_1_56' title='bbox 643 1220 690 1291; x_wconf 91' lang='lat' dir='ltr'><strong>ad</strong></span> <span class='ocrx_word' id='word_1_57' title='bbox 713 1223 920 1314; x_wconf 74' lang='lat' dir='ltr'><strong>sectionem</strong></span> <span class='ocrx_word' id='word_1_58' title='bbox 946 1224 1056 1295; x_wconf 88' lang='lat' dir='ltr'><strong>aliam</strong></span> <span class='ocrx_word' id='word_1_59' title='bbox 1081 1251 1162 1296; x_wconf 90' lang='lat' dir='ltr'><strong>nou</strong></span> 
     </span>
     <span class='ocr_line' id='line_1_9' title="bbox 150 1330 1162 1442; baseline 0.003 -31"><span class='ocrx_word' id='word_1_60' title='bbox 150 1339 356 1436; x_wconf 83' lang='lat' dir='ltr'><strong>rejiciaris?</strong></span> <span class='ocrx_word' id='word_1_61' title='bbox 374 1339 480 1419; x_wconf 66' lang='lat' dir='ltr'><strong>autri</strong></span> <span class='ocrx_word' id='word_1_62' title='bbox 497 1353 626 1436; x_wconf 86' lang='lat' dir='ltr'><strong>aperte</strong></span> <span class='ocrx_word' id='word_1_63' title='bbox 640 1364 719 1408; x_wconf 89' lang='lat' dir='ltr'><strong>non</strong></span> <span class='ocrx_word' id='word_1_64' title='bbox 730 1341 918 1436; x_wconf 84' lang='lat' dir='ltr'><strong>rejiceris,</strong></span> <span class='ocrx_word' id='word_1_65' title='bbox 933 1341 972 1412; x_wconf 93' lang='lat' dir='ltr'><strong>id</strong></span> <span class='ocrx_word' id='word_1_66' title='bbox 989 1330 1077 1416; x_wconf 67' lang='lat' dir='ltr'><strong>fieri⁴</strong></span> <span class='ocrx_word' id='word_1_67' title='bbox 1092 1367 1162 1442; x_wconf 93' lang='lat' dir='ltr'><strong>po-</strong></span> 
     </span>
     <span class='ocr_line' id='line_1_10' title="bbox 149 1454 1160 1545; baseline 0.001 -14"><span class='ocrx_word' id='word_1_68' title='bbox 149 1460 281 1545; x_wconf 87' lang='lat' dir='ltr'><strong>tuisse,</strong></span> <span class='ocrx_word' id='word_1_69' title='bbox 296 1481 343 1526; x_wconf 90' lang='lat' dir='ltr'><strong>ne</strong></span> <span class='ocrx_word' id='word_1_70' title='bbox 355 1455 477 1526; x_wconf 85' lang='lat' dir='ltr'><strong>dicam</strong></span> <span class='ocrx_word' id='word_1_71' title='bbox 492 1454 688 1544; x_wconf 86' lang='lat' dir='ltr'>debuisse,</span> <span class='ocrx_word' id='word_1_72' title='bbox 704 1481 783 1529; x_wconf 90' lang='lat' dir='ltr'><strong>nou</strong></span> <span class='ocrx_word' id='word_1_73' title='bbox 797 1459 960 1531; x_wconf 79' lang='lat' dir='ltr'><strong>sentias?</strong></span> <span class='ocrx_word' id='word_1_74' title='bbox 972 1464 1017 1530; x_wconf 91' lang='lat' dir='ltr'><strong>Et</strong></span> <span class='ocrx_word' id='word_1_75' title='bbox 1031 1474 1160 1534; x_wconf 90' lang='lat' dir='ltr'><strong>tamen</strong></span> 
     </span>
    </p>

    <p class='ocr_par' dir='ltr' id='par_1_7' title="bbox 93 1573 1189 3093">
     <span class='ocr_line' id='line_1_11' title="bbox 93 1573 1160 1672; baseline 0.004 -24"><span class='ocrx_word' id='word_1_76' title='bbox 93 1575 96 1583; x_wconf 77' lang='grc'><strong>’</strong></span> <span class='ocrx_word' id='word_1_77' title='bbox 150 1576 209 1648; x_wconf 89' lang='lat' dir='ltr'><strong>vel</strong></span> <span class='ocrx_word' id='word_1_78' title='bbox 229 1577 280 1647; x_wconf 86' lang='lat' dir='ltr'><strong>sic</strong></span> <span class='ocrx_word' id='word_1_79' title='bbox 303 1599 458 1672; x_wconf 90' lang='lat' dir='ltr'><strong>quoque</strong></span> <span class='ocrx_word' id='word_1_80' title='bbox 484 1574 665 1645; x_wconf 64' lang='lat' dir='ltr'><strong>universae</strong></span> <span class='ocrx_word' id='word_1_81' title='bbox 687 1573 853 1672; x_wconf 89' lang='lat' dir='ltr'><strong>denique</strong></span> <span class='ocrx_word' id='word_1_82' title='bbox 876 1576 1160 1652; x_wconf 86' lang='lat' dir='ltr'><strong>observationes</strong></span> 
     </span>
     <span class='ocr_line' id='line_1_12' title="bbox 148 1692 1161 1793; baseline 0.005 -28"><span class='ocrx_word' id='word_1_83' title='bbox 148 1718 230 1767; x_wconf 88' lang='lat' dir='ltr'><strong>non</strong></span> <span class='ocrx_word' id='word_1_84' title='bbox 246 1709 333 1765; x_wconf 91' lang='lat' dir='ltr'><strong>sunt</strong></span> <span class='ocrx_word' id='word_1_85' title='bbox 345 1692 537 1791; x_wconf 85' lang='lat' dir='ltr'><strong>plurimae,</strong></span> <span class='ocrx_word' id='word_1_86' title='bbox 553 1698 780 1790; x_wconf 70' lang='lat' dir='ltr'><strong>quanquam·</strong></span> <span class='ocrx_word' id='word_1_87' title='bbox 788 1696 912 1792; x_wconf 86' lang='lat' dir='ltr'><strong>aliqua</strong></span> <span class='ocrx_word' id='word_1_88' title='bbox 930 1694 985 1793; x_wconf 84' lang='lat'><strong>(1)</strong></span> <span class='ocrx_word' id='word_1_89' title='bbox 1005 1721 1085 1767; x_wconf 90' lang='lat' dir='ltr'><strong>non</strong></span> <span class='ocrx_word' id='word_1_90' title='bbox 1103 1721 1161 1770; x_wconf 88' lang='lat' dir='ltr'><strong>se-</strong></span> 
     </span>
     <span class='ocr_line' id='line_1_13' title="bbox 148 1810 1159 1911; baseline 0.003 -28"><span class='ocrx_word' id='word_1_91' title='bbox 148 1811 225 1883; x_wconf 87' lang='lat' dir='ltr'><strong>mel</strong></span> <span class='ocrx_word' id='word_1_92' title='bbox 244 1812 336 1908; x_wconf 87' lang='lat' dir='ltr'><strong>poni</strong></span> <span class='ocrx_word' id='word_1_93' title='bbox 355 1810 535 1882; x_wconf 88' lang='lat' dir='ltr'><strong>videatur.</strong></span> <span class='ocrx_word' id='word_1_94' title='bbox 562 1810 818 1900; x_wconf 84' lang='lat' dir='ltr'><strong>Quamobrem</strong></span> <span class='ocrx_word' id='word_1_95' title='bbox 847 1838 896 1884; x_wconf 90' lang='lat' dir='ltr'><strong>ne</strong></span> <span class='ocrx_word' id='word_1_96' title='bbox 919 1829 1054 1911; x_wconf 82' lang='lat' dir='ltr'><strong>praeter</strong></span> <span class='ocrx_word' id='word_1_97' title='bbox 1079 1839 1159 1887; x_wconf 90' lang='lat' dir='ltr'><strong>mo·</strong></span> 
     </span>
     <span class='ocr_line' id='line_1_14' title="bbox 147 1929 1158 2028; baseline 0.007 -27"><span class='ocrx_word' id='word_1_98' title='bbox 147 1929 239 2001; x_wconf 90' lang='lat' dir='ltr'><strong>dum</strong></span> <span class='ocrx_word' id='word_1_99' title='bbox 265 1929 391 2000; x_wconf 87' lang='lat' dir='ltr'><strong>brevis</strong></span> <span class='ocrx_word' id='word_1_100' title='bbox 414 1945 510 2000; x_wconf 89' lang='lat' dir='ltr'><strong>esset</strong></span> <span class='ocrx_word' id='word_1_101' title='bbox 539 1945 618 2001; x_wconf 87' lang='lat' dir='ltr'><strong>tota</strong></span> <span class='ocrx_word' id='word_1_102' title='bbox 644 1931 777 2017; x_wconf 88' lang='lat' dir='ltr'><strong>sectio,</strong></span> <span class='ocrx_word' id='word_1_103' title='bbox 799 1931 1014 2028; x_wconf 84' lang='lat' dir='ltr'><strong>interjectas</strong></span> <span class='ocrx_word' id='word_1_104' title='bbox 1044 1929 1158 2008; x_wconf 82' lang='lat' dir='ltr'><strong>fuisse</strong></span> 
     </span>
     <span class='ocr_line' id='line_1_15' title="bbox 148 2047 1157 2147; baseline 0.006 -27"><span class='ocrx_word' id='word_1_105' title='bbox 148 2047 373 2120; x_wconf 87' lang='lat' dir='ltr'><strong>crediderim</strong></span> <span class='ocrx_word' id='word_1_106' title='bbox 387 2047 615 2145; x_wconf 87' lang='lat' dir='ltr'><strong>appendices</strong></span> <span class='ocrx_word' id='word_1_107' title='bbox 625 2064 811 2145; x_wconf 85' lang='lat' dir='ltr'><strong>quatuor,</strong></span> <span class='ocrx_word' id='word_1_108' title='bbox 827 2050 865 2119; x_wconf 93' lang='lat' dir='ltr'><strong>in</strong></span> <span class='ocrx_word' id='word_1_109' title='bbox 881 2075 1040 2147; x_wconf 88' lang='lat' dir='ltr'><strong>quarum</strong></span> <span class='ocrx_word' id='word_1_110' title='bbox 1053 2051 1157 2127; x_wconf 85' lang='lat' dir='ltr'><strong>nulla</strong></span> 
     </span>
     <span class='ocr_line' id='line_1_16' title="bbox 145 2165 1157 2266; baseline 0.006 -29"><span class='ocrx_word' id='word_1_111' title='bbox 145 2169 357 2265; x_wconf 87' lang='lat' dir='ltr'><strong>inspectum</strong></span> <span class='ocrx_word' id='word_1_112' title='bbox 375 2165 533 2236; x_wconf 87' lang='lat' dir='ltr'><strong>cadaver</strong></span> <span class='ocrx_word' id='word_1_113' title='bbox 555 2181 805 2255; x_wconf 89' lang='lat' dir='ltr'><strong>memoratur,</strong></span> <span class='ocrx_word' id='word_1_114' title='bbox 831 2167 1080 2266; x_wconf 84' lang='lat' dir='ltr'><strong>eamdemque</strong></span> <span class='ocrx_word' id='word_1_115' title='bbox 1106 2168 1157 2244; x_wconf 87' lang='lat' dir='ltr'><strong>ob</strong></span> 
     </span>
     <span class='ocr_line' id='line_1_17' title="bbox 147 2283 1157 2384; baseline 0.005 -28"><span class='ocrx_word' id='word_1_116' title='bbox 147 2309 297 2357; x_wconf 89' lang='lat' dir='ltr'><strong>causam</strong></span> <span class='ocrx_word' id='word_1_117' title='bbox 326 2283 571 2356; x_wconf 84' lang='lat' dir='ltr'><strong>dissectiones</strong></span> <span class='ocrx_word' id='word_1_118' title='bbox 601 2284 765 2380; x_wconf 87' lang='lat' dir='ltr'><strong>adjectas</strong></span> <span class='ocrx_word' id='word_1_119' title='bbox 789 2284 900 2374; x_wconf 83' lang='lat' dir='ltr'><strong>duas,</strong></span> <span class='ocrx_word' id='word_1_120' title='bbox 918 2311 1001 2384; x_wconf 87' lang='lat' dir='ltr'><strong>quae</strong></span> <span class='ocrx_word' id='word_1_121' title='bbox 1028 2290 1157 2362; x_wconf 88' lang='lat' dir='ltr'><strong>minus</strong></span> 
     </span>
     <span class='ocr_line' id='line_1_18' title="bbox 146 2401 1157 2503; baseline 0.008 -29"><span class='ocrx_word' id='word_1_122' title='bbox 146 2406 326 2489; x_wconf 86' lang='lat' dir='ltr'><strong>mirarer,</strong></span> <span class='ocrx_word' id='word_1_123' title='bbox 351 2403 380 2474; x_wconf 91' lang='lat' dir='ltr'><strong>si</strong></span> <span class='ocrx_word' id='word_1_124' title='bbox 402 2402 469 2473; x_wconf 90' lang='lat' dir='ltr'><strong>ubi</strong></span> <span class='ocrx_word' id='word_1_125' title='bbox 493 2401 539 2472; x_wconf 92' lang='lat' dir='ltr'><strong>de</strong></span> <span class='ocrx_word' id='word_1_126' title='bbox 557 2404 703 2473; x_wconf 87' lang='lat' dir='ltr'><strong>vomitu</strong></span> <span class='ocrx_word' id='word_1_127' title='bbox 725 2404 848 2499; x_wconf 86' lang='lat' dir='ltr'><strong>agitur</strong></span> <span class='ocrx_word' id='word_1_128' title='bbox 873 2407 1075 2503; x_wconf 82' lang='lat' dir='ltr'><strong>propositae</strong></span> <span class='ocrx_word' id='word_1_129' title='bbox 1100 2432 1157 2482; x_wconf 87' lang='lat' dir='ltr'><strong>es·</strong></span> 
     </span>
     <span class='ocr_line' id='line_1_19' title="bbox 145 2521 1155 2618; baseline 0.004 -25"><span class='ocrx_word' id='word_1_130' title='bbox 145 2537 247 2607; x_wconf 88' lang='lat' dir='ltr'><strong>sent,</strong></span> <span class='ocrx_word' id='word_1_131' title='bbox 267 2521 465 2617; x_wconf 88' lang='lat' dir='ltr'><strong>hominum</strong></span> <span class='ocrx_word' id='word_1_132' title='bbox 483 2521 777 2591; x_wconf 85' lang='lat' dir='ltr'><strong>ruminantium:</strong></span> <span class='ocrx_word' id='word_1_133' title='bbox 792 2546 916 2618; x_wconf 90' lang='lat' dir='ltr'><strong>neque</strong></span> <span class='ocrx_word' id='word_1_134' title='bbox 929 2522 967 2593; x_wconf 89' lang='lat' dir='ltr'><strong>id</strong></span> <span class='ocrx_word' id='word_1_135' title='bbox 978 2525 1066 2595; x_wconf 89' lang='lat' dir='ltr'><strong>satis</strong></span> <span class='ocrx_word' id='word_1_136' title='bbox 1084 2538 1155 2614; x_wconf 88' lang='lat' dir='ltr'><strong>est;</strong></span> 
     </span>
     <span class='ocr_line' id='line_1_20' title="bbox 143 2637 1156 2736; baseline 0.005 -25"><span class='ocrx_word' id='word_1_137' title='bbox 143 2640 349 2711; x_wconf 89' lang='lat' dir='ltr'><strong>novissime</strong></span> <span class='ocrx_word' id='word_1_138' title='bbox 364 2664 409 2710; x_wconf 86' lang='lat' dir='ltr'><strong>ex</strong></span> <span class='ocrx_word' id='word_1_139' title='bbox 423 2641 562 2734; x_wconf 83' lang='lat' dir='ltr'><strong>Peyero</strong></span> <span class='ocrx_word' id='word_1_140' title='bbox 581 2655 656 2711; x_wconf 88' lang='lat' dir='ltr'><strong>tam</strong></span> <span class='ocrx_word' id='word_1_141' title='bbox 675 2637 811 2736; x_wconf 84' lang='lat' dir='ltr'><strong>longus</strong></span> <span class='ocrx_word' id='word_1_142' title='bbox 830 2639 877 2712; x_wconf 96' lang='lat' dir='ltr'><strong>de</strong></span> <span class='ocrx_word' id='word_1_143' title='bbox 899 2642 1156 2716; x_wconf 81' lang='lat' dir='ltr'><strong>ruminatione</strong></span> 
     </span>
     <span class='ocr_line' id='line_1_21' title="bbox 144 2756 1189 2856; baseline 0 -24"><span class='ocrx_word' id='word_1_144' title='bbox 144 2784 268 2832; x_wconf 87' lang='lat' dir='ltr'><strong>sermo</strong></span> <span class='ocrx_word' id='word_1_145' title='bbox 284 2772 340 2830; x_wconf 88' lang='lat' dir='ltr'><strong>est</strong></span> <span class='ocrx_word' id='word_1_146' title='bbox 359 2756 529 2845; x_wconf 81' lang='lat' dir='ltr'><strong>additus,</strong></span> <span class='ocrx_word' id='word_1_147' title='bbox 548 2773 590 2829; x_wconf 91' lang='lat' dir='ltr'><strong>ut</strong></span> <span class='ocrx_word' id='word_1_148' title='bbox 608 2760 813 2830; x_wconf 85' lang='lat' dir='ltr'><strong>sectionem</strong></span> <span class='ocrx_word' id='word_1_149' title='bbox 834 2775 986 2856; x_wconf 91' lang='lat' dir='ltr'><strong>superet</strong></span> <span class='ocrx_word' id='word_1_150' title='bbox 1002 2761 1156 2832; x_wconf 83' lang='lat' dir='ltr'><strong>univer·</strong></span> <span class='ocrx_word' id='word_1_151' title='bbox 1184 2836 1189 2849; x_wconf 64' lang='grc'>,</span> 
     </span>
     <span class='ocr_line' id='line_1_22' title="bbox 144 2856 1157 2975; baseline 0.003 -28"><span class='ocrx_word' id='word_1_152' title='bbox 144 2856 232 2948; x_wconf 83' lang='lat' dir='ltr'><strong>sam.</strong></span> <span class='ocrx_word' id='word_1_153' title='bbox 250 2879 304 2947; x_wconf 85' lang='lat' dir='ltr'><strong>Ne</strong></span> <span class='ocrx_word' id='word_1_154' title='bbox 320 2891 445 2947; x_wconf 89' lang='lat' dir='ltr'><strong>tamen</strong></span> <span class='ocrx_word' id='word_1_155' title='bbox 464 2875 543 2946; x_wconf 86' lang='lat' dir='ltr'><strong>haec</strong></span> <span class='ocrx_word' id='word_1_156' title='bbox 558 2901 578 2946; x_wconf 93' lang='lat' dir='ltr'><strong>a</strong></span> <span class='ocrx_word' id='word_1_157' title='bbox 597 2901 655 2946; x_wconf 87' lang='lat' dir='ltr'><strong>me</strong></span> <span class='ocrx_word' id='word_1_158' title='bbox 674 2878 798 2947; x_wconf 87' lang='lat' dir='ltr'><strong>notari</strong></span> <span class='ocrx_word' id='word_1_159' title='bbox 811 2876 941 2948; x_wconf 86' lang='lat' dir='ltr'><strong>credas</strong></span> <span class='ocrx_word' id='word_1_160' title='bbox 957 2881 1063 2975; x_wconf 87' lang='lat' dir='ltr'><strong>quasi</strong></span> <span class='ocrx_word' id='word_1_161' title='bbox 1078 2903 1157 2952; x_wconf 90' lang='lat' dir='ltr'><strong>om·</strong></span> 
     </span>
     <span class='ocr_line' id='line_1_23' title="bbox 143 2991 1156 3093; baseline 0.005 -28"><span class='ocrx_word' id='word_1_162' title='bbox 143 2996 237 3065; x_wconf 88' lang='lat' dir='ltr'><strong>nino</strong></span> <span class='ocrx_word' id='word_1_163' title='bbox 256 2994 537 3092; x_wconf 88' lang='lat' dir='ltr'><strong>improbarem;</strong></span> <span class='ocrx_word' id='word_1_164' title='bbox 557 2991 613 3063; x_wconf 87' lang='lat' dir='ltr'><strong>fac</strong></span> <span class='ocrx_word' id='word_1_165' title='bbox 641 2993 709 3064; x_wconf 92' lang='lat' dir='ltr'><strong>tibi</strong></span> <span class='ocrx_word' id='word_1_166' title='bbox 730 2995 803 3065; x_wconf 91' lang='lat' dir='ltr'><strong>mei</strong></span> <span class='ocrx_word' id='word_1_167' title='bbox 822 2997 1008 3093; x_wconf 86' lang='lat' dir='ltr'><strong>propositi</strong></span> <span class='ocrx_word' id='word_1_168' title='bbox 1028 2998 1156 3070; x_wconf 80' lang='lat' dir='ltr'><strong>veniat</strong></span> 
     </span>
    </p>
   </div>
   <div class='ocr_carea' id='block_1_3' title="bbox 30 3111 1155 3212">
    <p class='ocr_par' dir='ltr' id='par_1_8' title="bbox 30 3111 1155 3212">
     <span class='ocr_line' id='line_1_24' title="bbox 30 3111 1155 3212; baseline -0.015 -27"><span class='ocrx_word' id='word_1_169' title='bbox 30 3148 34 3157; x_wconf 96' lang='lat'><em>·</em></span> <span class='ocrx_word' id='word_1_170' title='bbox 140 3114 181 3183; x_wconf 92' lang='lat' dir='ltr'><strong>in</strong></span> <span class='ocrx_word' id='word_1_171' title='bbox 202 3127 378 3190; x_wconf 89' lang='lat' dir='ltr'><strong>mentem.</strong></span> <span class='ocrx_word' id='word_1_172' title='bbox 396 3113 496 3200; x_wconf 83' lang='lat' dir='ltr'><strong>Quin</strong></span> <span class='ocrx_word' id='word_1_173' title='bbox 514 3111 641 3206; x_wconf 90' lang='lat' dir='ltr'><strong>accipe</strong></span> <span class='ocrx_word' id='word_1_174' title='bbox 655 3112 857 3198; x_wconf 84' lang='lat' dir='ltr'><strong>nonnulla,</strong></span> <span class='ocrx_word' id='word_1_175' title='bbox 880 3137 962 3209; x_wconf 83' lang='lat' dir='ltr'><strong>quae</strong></span> <span class='ocrx_word' id='word_1_176' title='bbox 982 3136 1070 3185; x_wconf 86' lang='lat' dir='ltr'><strong>cum</strong></span> <span class='ocrx_word' id='word_1_177' title='bbox 1086 3138 1155 3212; x_wconf 86' lang='lat' dir='ltr'><strong>ap.</strong></span> 
     </span>
    </p>
   </div>
   <div class='ocr_carea' id='block_1_4' title="bbox 140 3227 1153 3444">
    <p class='ocr_par' dir='ltr' id='par_1_9' title="bbox 140 3227 1153 3444">
     <span class='ocr_line' id='line_1_25' title="bbox 141 3227 1153 3327; baseline 0.003 -27"><span class='ocrx_word' id='word_1_178' title='bbox 141 3229 321 3327; x_wconf 87' lang='lat' dir='ltr'><strong>pendices</strong></span> <span class='ocrx_word' id='word_1_179' title='bbox 343 3228 424 3300; x_wconf 83' lang='lat' dir='ltr'><strong>illas</strong></span> <span class='ocrx_word' id='word_1_180' title='bbox 443 3227 489 3300; x_wconf 92' lang='lat' dir='ltr'><strong>de</strong></span> <span class='ocrx_word' id='word_1_181' title='bbox 507 3227 698 3324; x_wconf 85' lang='lat' dir='ltr'><strong>singultu,</strong></span> <span class='ocrx_word' id='word_1_182' title='bbox 721 3244 758 3299; x_wconf 90' lang='lat' dir='ltr'><strong>et</strong></span> <span class='ocrx_word' id='word_1_183' title='bbox 783 3231 1057 3303; x_wconf 90' lang='lat' dir='ltr'><strong>ruminantium</strong></span> <span class='ocrx_word' id='word_1_184' title='bbox 1082 3231 1153 3304; x_wconf 73' lang='lat' dir='ltr'><strong>ho⁴</strong></span> 
     </span>
     <span class='ocr_line' id='line_1_26' title="bbox 140 3345 1153 3444; baseline 0.005 -27"><span class='ocrx_word' id='word_1_185' title='bbox 140 3347 286 3417; x_wconf 89' lang='lat' dir='ltr'><strong>minum</strong></span> <span class='ocrx_word' id='word_1_186' title='bbox 304 3346 586 3417; x_wconf 88' lang='lat' dir='ltr'><strong>observationes</strong></span> <span class='ocrx_word' id='word_1_187' title='bbox 606 3347 860 3444; x_wconf 83' lang='lat' dir='ltr'><strong>perlegerem,</strong></span> <span class='ocrx_word' id='word_1_188' title='bbox 874 3345 975 3418; x_wconf 87' lang='lat' dir='ltr'><strong>aliud</strong></span> <span class='ocrx_word' id='word_1_189' title='bbox 995 3371 1040 3418; x_wconf 83' lang='lat' dir='ltr'><strong>ex</strong></span> <span class='ocrx_word' id='word_1_190' title='bbox 1059 3349 1153 3437; x_wconf 80' lang='lat' dir='ltr'><strong>ali0‚</strong></span> 
     </span>
    </p>
   </div>
   <div class='ocr_carea' id='block_1_5' title="bbox 140 3463 1152 3679">
    <p class='ocr_par' dir='ltr' id='par_1_10' title="bbox 140 3463 1152 3679">
     <span class='ocr_line' id='line_1_27' title="bbox 140 3463 557 3551; baseline -0.012 -13"><span class='ocrx_word' id='word_1_191' title='bbox 140 3481 183 3538; x_wconf 92' lang='lat' dir='ltr'><strong>ut</strong></span> <span class='ocrx_word' id='word_1_192' title='bbox 192 3465 256 3551; x_wconf 86' lang='lat' dir='ltr'><strong>fit,</strong></span> <span class='ocrx_word' id='word_1_193' title='bbox 274 3463 557 3538; x_wconf 70' lang='lat' dir='ltr'><strong>succurrebant.</strong></span> 
     </span>
     <span class='ocr_line' id='line_1_28' title="bbox 191 3580 1152 3679; baseline -0.001 -24"><span class='ocrx_word' id='word_1_194' title='bbox 191 3583 223 3655; x_wconf 80' lang='lat'><strong>3.</strong></span> <span class='ocrx_word' id='word_1_195' title='bbox 239 3589 282 3654; x_wconf 92' lang='lat' dir='ltr'><strong>In</strong></span> <span class='ocrx_word' id='word_1_196' title='bbox 297 3580 463 3655; x_wconf 87' lang='lat' dir='ltr'><strong>secunda</strong></span> <span class='ocrx_word' id='word_1_197' title='bbox 474 3582 683 3679; x_wconf 88' lang='lat' dir='ltr'><strong>appendice</strong></span> <span class='ocrx_word' id='word_1_198' title='bbox 704 3607 790 3652; x_wconf 90' lang='lat' dir='ltr'><strong>cum</strong></span> <span class='ocrx_word' id='word_1_199' title='bbox 808 3580 972 3657; x_wconf 84' lang='lat' dir='ltr'><strong>Thomas</strong></span> <span class='ocrx_word' id='word_1_200' title='bbox 989 3583 1152 3654; x_wconf 87' lang='lat' dir='ltr'><strong>Bartho-</strong></span> 
     </span>
    </p>
   </div>
   <div class='ocr_carea' id='block_1_6' title="bbox 869 3848 878 3870">
    <p class='ocr_par' dir='ltr' id='par_1_11' title="bbox 869 3848 878 3870">
     <span class='ocr_line' id='line_1_29' title="bbox 869 3848 878 3870; baseline 0 0"><span class='ocrx_word' id='word_1_201' title='bbox 869 3848 878 3870; x_wconf 66' lang='lat' dir='ltr'>O</span> 
     </span>
    </p>
   </div>
   <div class='ocr_carea' id='block_1_7' title="bbox 145 3956 787 4037">
    <p class='ocr_par' dir='ltr' id='par_1_12' title="bbox 145 3956 787 4037">
     <span class='ocr_line' id='line_1_30' title="bbox 145 3956 787 4037; baseline 0.017 -31"><span class='ocrx_word' id='word_1_202' title='bbox 145 3956 224 4037; x_wconf 61' lang='lat' dir='ltr'><strong>suti)</strong></span> <span class='ocrx_word' id='word_1_203' title='bbox 243 3957 363 4016; x_wconf 79' lang='lat' dir='ltr'><strong>Confer.</strong></span> <span class='ocrx_word' id='word_1_204' title='bbox 382 3957 447 4015; x_wconf 80' lang='lat' dir='ltr'><strong>obs.</strong></span> <span class='ocrx_word' id='word_1_205' title='bbox 467 3959 500 4030; x_wconf 86' lang='lat'><strong>6,</strong></span> <span class='ocrx_word' id='word_1_206' title='bbox 516 3977 584 4015; x_wconf 86' lang='lat' dir='ltr'><strong>cum</strong></span> <span class='ocrx_word' id='word_1_207' title='bbox 597 3963 612 4030; x_wconf 77' lang='lat' dir='ltr'>s</span> <span class='ocrx_word' id='word_1_208' title='bbox 625 3957 660 4029; x_wconf 88' lang='lat'><strong>6,</strong></span> <span class='ocrx_word' id='word_1_209' title='bbox 676 3957 741 4015; x_wconf 77' lang='lat' dir='ltr'><strong>oba.</strong></span> <span class='ocrx_word' id='word_1_210' title='bbox 760 3976 787 4028; x_wconf 81' lang='lat'><strong>7·</strong></span> 
     </span>
    </p>
   </div>
   <div class='ocr_carea' id='block_1_8' title="bbox 0 0 1294 4514">
    <p class='ocr_par' dir='ltr' id='par_1_13' title="bbox 0 0 1294 4514">
     <span class='ocr_line' id='line_1_31' title="bbox 0 0 1294 4514; baseline 0 4"><span class='ocrx_word' id='word_1_211' title='bbox 0 0 1294 4514; x_wconf 95' lang='lat' dir='ltr'><strong> </strong></span> 
     </span>
    </p>
   </div>
  </div>
 </body>
</html>
