2580 4514
112 406 183 453 nm.
210 403 267 452 ιιι.
296 402 343 451 ns
368 401 504 451 nonnis
530 405 700 469 vaurms,
726 406 837 455 nrisr.
865 408 993 453 xxvrn.
1028 381 1075 455 25

68 517 104 590 id
133 511 243 590 ulcus
274 516 322 588 ad
348 519 441 614 quas
467 540 586 615 usque
613 534 739 617 partes
765 544 804 591 se
839 521 1076 608 extenderet,

68 662 192 734 neque
215 637 255 705 in
277 635 364 705 vivo
386 632 556 724 definiri,
581 661 706 734 neque
725 639 764 707 in
785 651 939 708 mortuo
958 639 1075 735 quaeri

68 754 192 843 licuit,
213 751 356 823 idcirco
375 776 456 822 rem
480 778 551 850 pro
578 768 679 823 certa
706 770 975 852 compertaque
997 781 1077 827 non

68 872 198 968 posui,
219 872 427 967 praesertim
441 871 622 967 quoniam
637 870 849 944 istiusmodi
867 871 994 943 ulcera
1010 872 1078 943 ali-

69 987 225 1086 quando
240 1013 285 1059 eo
307 1013 386 1059 non
408 991 637 1087 perveniunt
650 1014 728 1086 quo
746 989 1077 1087 putares,eadem-

71 1133 142 1204 que
163 1098 392 1205 perveniunt
407 1133 484 1205 quo
502 1132 581 1178 non
596 1122 758 1206 putares.
774 1106 888 1198 Quod
900 1110 1077 1206 praeclare

71 1223 244 1297 ostendet
255 1248 362 1296 casus
373 1225 462 1312 viri,
475 1224 610 1296 codem
622 1227 754 1296 mortis
763 1248 900 1323 genere
912 1225 1074 1324 abrepti:

71 1337 182 1439 quem
200 1364 330 1413 casum
351 1343 419 1413 etsi
435 1367 480 1412 ex
499 1358 604 1440 parte
621 1344 726 1439 attigi
745 1321 792 1413 in*
807 1343 975 1441 epistolis
989 1367 1077 1413 ana-

69 1459 215 1531 tomicis
227 1458 298 1556 (ι),
313 1484 356 1531 ex
377 1461 536 1557 partein
554 1459 623 1532 alia
638 1485 752 1558 quam
772 1458 819 1530 ad
836 1475 872 1532 te
893 1457 1077 1557 misi(a);

73 1601 258 1674 nusquam
284 1590 410 1649 tamen
434 1592 558 1649 totum
587 1580 772 1676 exposui,
804 1577 869 1649 sed
902 1578 1077 1650 consulto

71 1693 142 1766 huc
171 1693 332 1784 distuli,
365 1710 544 1793 tanquam
573 1695 621 1767 ad
641 1696 765 1769 laesam
786 1694 1076 1792 deglutitionem

69 1813 332 1908 pertinentem.

117 1955 173 2002 ιι.
189 1932 257 2003 Vir
270 1945 365 2020 erat,
377 1931 437 2001 cui
449 1931 549 2002 inter
559 1930 865 2029 deglutiendum,
875 1932 1077 2030 potionum

70 2071 153 2145 pars
170 2046 317 2119 redibat
332 2072 402 2146 per
414 2072 533 2122 nares.
548 2049 643 2118 Huic
652 2048 821 2149 palatum
835 2073 983 2120 osseum
998 2063 1078 2120 erat

69 2165 257 2263 integrum
266 2191 276 2254 ;
285 2178 323 2236 at
336 2166 471 2253 molle,
484 2166 597 2238 simul
609 2189 696 2236 cum
707 2165 839 2254 uvula,
853 2191 933 2236 non
945 2189 1077 2237 recens

69 2281 176 2353 ulcus
189 2279 466 2381 absumpserat,
476 2283 524 2354 ad
539 2283 771 2370 cicatricem,
785 2297 969 2380 quantum
987 2306 1077 2353 ocu-

68 2395 121 2470 lis'
139 2401 308 2498 perspici
335 2415 502 2498 poterat,
528 2401 605 2497 jam
630 2400 882 2498 perductum;
909 2397 976 2471 sed
1001 2425 1076 2497 qua

52 2517 229 2614 perspici
247 2541 326 2589 non
342 2517 501 2608 dicebat,
513 2522 624 2590 etiam
643 2532 724 2589 tum
743 2532 936 2616 perstans,
949 2498 997 2587 ¹ut
1015 2517 1076 2587 vel

52 2655 107 2703 ea
125 2658 210 2731 quae
225 2651 373 2707 screatu
388 2635 666 2725 reddebantur,
684 2631 956 2734 significabant.
979 2637 1076 2705 Cum

67 2745 123 2840 his
141 2752 252 2826 tussis
269 2753 498 2851 aliquand0,
522 2769 560 2825 et
578 2755 650 2825 alia
673 2752 880 2848 ejusmodi,
904 2749 1083 2849 quamvis¹

65 2866 158 2940 levia
182 2884 220 2941 et
234 2868 430 2970 ambigua,
454 2872 708 2969 suspicionem
723 2868 927 2941 movebant
940 2870 1076 2943 ulceris

67 3007 102 3056 se
130 2985 170 3058 se
198 2985 378 3060 deorsum
410 2987 656 3063 extendentis.
684 2990 807 3078 Quam
833 2986 934 3057 auxit
953 2985 1076 3060 subita

54 3127 167 3202 'mors
190 3102 364 3179 suffocati
385 3107 513 3179 instar.
537 3106 746 3204 Pharyngis
770 3120 895 3177 tamen
916 3101 1076 3176 inferior

66 3244 149 3318 pars
167 3276 177 3311 ,
194 3237 242 3293 'et
270 3248 352 3320 quae
377 3224 450 3295 hac
473 3224 714 3321 intercipitur
742 3223 894 3320 larynx,
921 3237 959 3294 et
985 3221 1072 3292 hnic

67 3339 258 3436 subjectus
287 3342 429 3413 arteriae
452 3357 591 3440 asperae
616 3341 755 3413 canalis
781 3354 889 3412 erant
914 3341 1072 3410 omnino

65 3455 173 3529 illaesa
194 3484 202 3527 :
228 3482 448 3556 quanquam
473 3440 612 3532 sinistri
630 3457 823 3557 pulmonis
838 3458 1072 3554 superiorem

66 3576 218 3669 lobum,
237 3603 325 3651 cum
344 3594 603 3666 attrectarem,
623 3578 778 3664 durum,
794 3603 879 3651 cum
893 3603 1071 3671 secarem,

101 3861 145 3938 (1)
166 3863 262 3939 Epist.
274 3881 310 3936 9,
323 3883 354 3919 n.
371 3876 432 3940 pet
447 3884 493 3922 ιο.

100 3961 144 4040 (a)
165 3964 263 4039 Epist.
277 3983 328 4038 19,
344 3983 373 4021 n.
387 3964 435 4022 50.
