<?xml version="1.0" encoding="UTF-8"?>
<!DOCTYPE html PUBLIC "-//W3C//DTD XHTML 1.0 Transitional//EN"
    "http://www.w3.org/TR/xhtml1/DTD/xhtml1-transitional.dtd">
<html xmlns="http://www.w3.org/1999/xhtml" xml:lang="en" lang="en">
 <head>
  <title>
</title>
<meta http-equiv="Content-Type" content="text/html;charset=utf-8" />
  <meta name='ocr-system' content='tesseract 3.04.00' />
  <meta name='ocr-capabilities' content='ocr_page ocr_carea ocr_par ocr_line ocrx_word'/>
</head>
<body>
  <div class='ocr_page' id='page_1' title='image "./desedibusetcaus00adelgoog_0141.png"; bbox 0 0 2580 4514; ppageno 0'>
   <div class='ocr_carea' id='block_1_1' title="bbox 152 344 987 425">
    <p class='ocr_par' dir='ltr' id='par_1_1' title="bbox 152 344 987 425">
     <span class='ocr_line' id='line_1_1' title="bbox 152 344 987 425; baseline 0.004 -11"><span class='ocrx_word' id='word_1_1' title='bbox 152 344 215 416; x_wconf 78' lang='lat'>138</span> <span class='ocrx_word' id='word_1_2' title='bbox 311 370 356 413; x_wconf 79' lang='lat' dir='ltr'>nr</span> <span class='ocrx_word' id='word_1_3' title='bbox 383 368 531 415; x_wconf 79' lang='lat' dir='ltr'>sumnus</span> <span class='ocrx_word' id='word_1_4' title='bbox 560 368 602 412; x_wconf 77' lang='lat' dir='ltr'>rr</span> <span class='ocrx_word' id='word_1_5' title='bbox 628 366 752 413; x_wconf 69' lang='lat' dir='ltr'>cursis</span> <span class='ocrx_word' id='word_1_6' title='bbox 778 367 987 425; x_wconf 76' lang='lat' dir='ltr'>stonnonuu</span> 
     </span>
    </p>
   </div>
   <div class='ocr_carea' id='block_1_2' title="bbox 132 480 1175 3280">
    <p class='ocr_par' dir='ltr' id='par_1_2' title="bbox 132 480 1175 3280">
     <span class='ocr_line' id='line_1_2' title="bbox 144 480 1138 576; baseline 0 -25"><span class='ocrx_word' id='word_1_7' title='bbox 144 497 207 551; x_wconf 91' lang='lat' dir='ltr'>aut</span> <span class='ocrx_word' id='word_1_8' title='bbox 217 481 526 552; x_wconf 77' lang='lat' dir='ltr'>viritlishumoris</span> <span class='ocrx_word' id='word_1_9' title='bbox 542 481 725 576; x_wconf 76' lang='lat' dir='ltr'><strong>egeritur,</strong></span> <span class='ocrx_word' id='word_1_10' title='bbox 741 480 781 551; x_wconf 88' lang='lat' dir='ltr'>id</span> <span class='ocrx_word' id='word_1_11' title='bbox 798 505 911 552; x_wconf 91' lang='lat' dir='ltr'>omne</span> <span class='ocrx_word' id='word_1_12' title='bbox 927 507 1008 553; x_wconf 90' lang='lat' dir='ltr'>esse</span> <span class='ocrx_word' id='word_1_13' title='bbox 1018 480 1138 567; x_wconf 77' lang='lat' dir='ltr'>bilem,</span> 
     </span>
     <span class='ocr_line' id='line_1_3' title="bbox 142 597 1136 696; baseline 0 -27"><span class='ocrx_word' id='word_1_14' title='bbox 142 600 347 696; x_wconf 70' lang='lat' dir='ltr'>praesertim</span> <span class='ocrx_word' id='word_1_15' title='bbox 365 613 565 695; x_wconf 82' lang='lat' dir='ltr'>postquam</span> <span class='ocrx_word' id='word_1_16' title='bbox 588 622 633 667; x_wconf 84' lang='lat' dir='ltr'>ex</span> <span class='ocrx_word' id='word_1_17' title='bbox 653 597 978 669; x_wconf 88' lang='lat' dir='ltr'>Diemerbroeckii</span> <span class='ocrx_word' id='word_1_18' title='bbox 1002 600 1136 696; x_wconf 85' lang='lat' dir='ltr'>experi-</span> 
     </span>
     <span class='ocr_line' id='line_1_4' title="bbox 144 714 1134 813; baseline 0.001 -27"><span class='ocrx_word' id='word_1_19' title='bbox 144 731 294 801; x_wconf 89' lang='lat' dir='ltr'>mento,</span> <span class='ocrx_word' id='word_1_20' title='bbox 312 716 416 813; x_wconf 91' lang='lat' dir='ltr'>quod</span> <span class='ocrx_word' id='word_1_21' title='bbox 429 716 468 783; x_wconf 91' lang='lat' dir='ltr'>in</span> <span class='ocrx_word' id='word_1_22' title='bbox 488 714 735 812; x_wconf 89' lang='lat' dir='ltr'>Sepulchreto</span> <span class='ocrx_word' id='word_1_23' title='bbox 749 716 857 787; x_wconf 87' lang='lat' dir='ltr'>etiam</span> <span class='ocrx_word' id='word_1_24' title='bbox 874 714 992 786; x_wconf 84' lang='lat' dir='ltr'>habes</span> <span class='ocrx_word' id='word_1_25' title='bbox 1008 716 1134 813; x_wconf 76' lang='lat' dir='ltr'>(1),sa·</span> 
     </span>
     <span class='ocr_line' id='line_1_5' title="bbox 143 832 1132 930; baseline 0 -27"><span class='ocrx_word' id='word_1_26' title='bbox 143 836 189 904; x_wconf 87' lang='lat' dir='ltr'>tis</span> <span class='ocrx_word' id='word_1_27' title='bbox 210 834 366 930; x_wconf 74' lang='lat' dir='ltr'>intelligi</span> <span class='ocrx_word' id='word_1_28' title='bbox 390 833 496 918; x_wconf 87' lang='lat' dir='ltr'>licet,</span> <span class='ocrx_word' id='word_1_29' title='bbox 516 832 700 928; x_wconf 83' lang='lat' dir='ltr'>quantillo</span> <span class='ocrx_word' id='word_1_30' title='bbox 717 833 805 903; x_wconf 90' lang='lat' dir='ltr'>hilis</span> <span class='ocrx_word' id='word_1_31' title='bbox 829 847 1014 929; x_wconf 88' lang='lat' dir='ltr'>quantum</span> <span class='ocrx_word' id='word_1_32' title='bbox 1044 856 1132 929; x_wconf 77' lang='lat' dir='ltr'>aqua</span> 
     </span>
     <span class='ocr_line' id='line_1_6' title="bbox 142 946 1131 1048; baseline -0.003 -28"><span class='ocrx_word' id='word_1_33' title='bbox 142 953 318 1047; x_wconf 86' lang='lat' dir='ltr'>tingatur.</span> <span class='ocrx_word' id='word_1_34' title='bbox 343 953 421 1021; x_wconf 86' lang='lat' dir='ltr'>Nec</span> <span class='ocrx_word' id='word_1_35' title='bbox 449 950 554 1046; x_wconf 93' lang='lat' dir='ltr'>quod</span> <span class='ocrx_word' id='word_1_36' title='bbox 584 951 747 1019; x_wconf 86' lang='lat' dir='ltr'>tormina</span> <span class='ocrx_word' id='word_1_37' title='bbox 774 965 865 1020; x_wconf 90' lang='lat' dir='ltr'>tuuc</span> <span class='ocrx_word' id='word_1_38' title='bbox 895 950 1078 1048; x_wconf 74' lang='lat' dir='ltr'>affligant,</span> <span class='ocrx_word' id='word_1_39' title='bbox 1100 946 1131 1018; x_wconf 84' lang='lat' dir='ltr'>id</span> 
     </span>
     <span class='ocr_line' id='line_1_7' title="bbox 143 1064 1130 1166; baseline -0.003 -28"><span class='ocrx_word' id='word_1_40' title='bbox 143 1070 258 1165; x_wconf 76' lang='lat' dir='ltr'>copiae</span> <span class='ocrx_word' id='word_1_41' title='bbox 276 1071 461 1166; x_wconf 87' lang='lat' dir='ltr'>imputare</span> <span class='ocrx_word' id='word_1_42' title='bbox 473 1067 636 1138; x_wconf 80' lang='lat' dir='ltr'>admistae</span> <span class='ocrx_word' id='word_1_43' title='bbox 651 1066 736 1138; x_wconf 90' lang='lat' dir='ltr'>bilis</span> <span class='ocrx_word' id='word_1_44' title='bbox 749 1091 899 1138; x_wconf 85' lang='lat' dir='ltr'>necesse</span> <span class='ocrx_word' id='word_1_45' title='bbox 910 1083 979 1154; x_wconf 89' lang='lat' dir='ltr'>est;</span> <span class='ocrx_word' id='word_1_46' title='bbox 992 1064 1130 1164; x_wconf 86' lang='lat' dir='ltr'>quando</span> 
     </span>
     <span class='ocr_line' id='line_1_8' title="bbox 142 1180 1131 1282; baseline -0.001 -29"><span class='ocrx_word' id='word_1_47' title='bbox 142 1184 348 1257; x_wconf 87' lang='lat' dir='ltr'>diarrhocas</span> <span class='ocrx_word' id='word_1_48' title='bbox 360 1211 526 1282; x_wconf 84' lang='lat' dir='ltr'>aquosas</span> <span class='ocrx_word' id='word_1_49' title='bbox 538 1187 669 1275; x_wconf 77' lang='lat' dir='ltr'>atsere</span> <span class='ocrx_word' id='word_1_50' title='bbox 689 1184 863 1282; x_wconf 76' lang='lat' dir='ltr'>limpidas</span> <span class='ocrx_word' id='word_1_51' title='bbox 881 1184 1061 1257; x_wconf 78' lang='lat' dir='ltr'>Willisius</span> <span class='ocrx_word' id='word_1_52' title='bbox 1076 1180 1131 1280; x_wconf 72' lang='lat' dir='ltr'>(a)</span> 
     </span>
     <span class='ocr_line' id='line_1_9' title="bbox 142 1301 1131 1401; baseline -0.003 -29"><span class='ocrx_word' id='word_1_53' title='bbox 142 1302 357 1401; x_wconf 80' lang='lat' dir='ltr'>descripsit,</span> <span class='ocrx_word' id='word_1_54' title='bbox 379 1328 471 1399; x_wconf 90' lang='lat' dir='ltr'>quas</span> <span class='ocrx_word' id='word_1_55' title='bbox 491 1318 616 1373; x_wconf 86' lang='lat' dir='ltr'>tamen</span> <span class='ocrx_word' id='word_1_56' title='bbox 641 1301 691 1373; x_wconf 93' lang='lat' dir='ltr'>ob</span> <span class='ocrx_word' id='word_1_57' title='bbox 712 1302 887 1397; x_wconf 82' lang='lat' dir='ltr'>adjuncta</span> <span class='ocrx_word' id='word_1_58' title='bbox 907 1308 1048 1373; x_wconf 81' lang='lat' dir='ltr'>ventris</span> <span class='ocrx_word' id='word_1_59' title='bbox 1069 1315 1131 1371; x_wconf 85' lang='lat' dir='ltr'>tor·</span> 
     </span>
     <span class='ocr_line' id='line_1_10' title="bbox 141 1417 1130 1516; baseline -0.003 -28"><span class='ocrx_word' id='word_1_60' title='bbox 141 1420 240 1489; x_wconf 74' lang='lat' dir='ltr'>nima</span> <span class='ocrx_word' id='word_1_61' title='bbox 258 1420 488 1515; x_wconf 80' lang='lat' dir='ltr'>dysenterias</span> <span class='ocrx_word' id='word_1_62' title='bbox 510 1419 639 1488; x_wconf 91' lang='lat' dir='ltr'>maluit</span> <span class='ocrx_word' id='word_1_63' title='bbox 667 1418 865 1516; x_wconf 90' lang='lat' dir='ltr'>appellare.</span> <span class='ocrx_word' id='word_1_64' title='bbox 897 1423 942 1489; x_wconf 88' lang='lat' dir='ltr'>Et</span> <span class='ocrx_word' id='word_1_65' title='bbox 972 1418 1043 1489; x_wconf 86' lang='lat' dir='ltr'>illae</span> <span class='ocrx_word' id='word_1_66' title='bbox 1061 1417 1130 1515; x_wconf 91' lang='lat' dir='ltr'>qui·</span> 
     </span>
     <span class='ocr_line' id='line_1_11' title="bbox 140 1535 1129 1634; baseline -0.004 -26"><span class='ocrx_word' id='word_1_67' title='bbox 140 1539 224 1608; x_wconf 89' lang='lat' dir='ltr'>dem</span> <span class='ocrx_word' id='word_1_68' title='bbox 239 1537 415 1623; x_wconf 89' lang='lat' dir='ltr'>Londini,</span> <span class='ocrx_word' id='word_1_69' title='bbox 426 1552 609 1607; x_wconf 90' lang='lat' dir='ltr'>autumno</span> <span class='ocrx_word' id='word_1_70' title='bbox 623 1538 825 1634; x_wconf 85' lang='lat' dir='ltr'>praesertim</span> <span class='ocrx_word' id='word_1_71' title='bbox 835 1538 925 1607; x_wconf 90' lang='lat' dir='ltr'>anui</span> <span class='ocrx_word' id='word_1_72' title='bbox 944 1537 1048 1632; x_wconf 81' lang='lat'>1670,</span> <span class='ocrx_word' id='word_1_73' title='bbox 1059 1535 1129 1634; x_wconf 92' lang='lat' dir='ltr'>plu·</span> 
     </span>
     <span class='ocr_line' id='line_1_12' title="bbox 137 1653 1175 1751; baseline 0 -28"><span class='ocrx_word' id='word_1_74' title='bbox 137 1678 219 1740; x_wconf 69' lang='lat' dir='ltr'>rm,</span> <span class='ocrx_word' id='word_1_75' title='bbox 236 1654 357 1751; x_wconf 84' lang='lat' dir='ltr'>pridie</span> <span class='ocrx_word' id='word_1_76' title='bbox 378 1680 488 1726; x_wconf 91' lang='lat' dir='ltr'>sanos</span> <span class='ocrx_word' id='word_1_77' title='bbox 507 1670 543 1726; x_wconf 83' lang='lat' dir='ltr'>et</span> <span class='ocrx_word' id='word_1_78' title='bbox 559 1653 666 1725; x_wconf 90' lang='lat' dir='ltr'>valde</span> <span class='ocrx_word' id='word_1_79' title='bbox 687 1655 883 1740; x_wconf 87' lang='lat' dir='ltr'>robustos,</span> <span class='ocrx_word' id='word_1_80' title='bbox 906 1654 1069 1740; x_wconf 74' lang='lat' dir='ltr'>ador-tn,</span> <span class='ocrx_word' id='word_1_81' title='bbox 1084 1657 1129 1723; x_wconf 88' lang='lat' dir='ltr'>in·</span> <span class='ocrx_word' id='word_1_82' title='bbox 1172 1702 1175 1723; x_wconf 57' lang='lat'>2</span> 
     </span>
     <span class='ocr_line' id='line_1_13' title="bbox 138 1769 1129 1869; baseline -0.005 -29"><span class='ocrx_word' id='word_1_83' title='bbox 138 1785 195 1840; x_wconf 89' lang='lat' dir='ltr'>tra</span> <span class='ocrx_word' id='word_1_84' title='bbox 208 1775 277 1840; x_wconf 91' lang='lat' dir='ltr'>XII</span> <span class='ocrx_word' id='word_1_85' title='bbox 294 1770 406 1842; x_wconf 86' lang='lat' dir='ltr'>horas</span> <span class='ocrx_word' id='word_1_86' title='bbox 423 1797 468 1842; x_wconf 90' lang='lat' dir='ltr'>eo</span> <span class='ocrx_word' id='word_1_87' title='bbox 480 1771 718 1869; x_wconf 79' lang='lat' dir='ltr'>redigebant,</span> <span class='ocrx_word' id='word_1_88' title='bbox 732 1786 775 1842; x_wconf 88' lang='lat' dir='ltr'>nt</span> <span class='ocrx_word' id='word_1_89' title='bbox 785 1773 860 1867; x_wconf 90' lang='lat' dir='ltr'>jam</span> <span class='ocrx_word' id='word_1_90' title='bbox 871 1773 947 1866; x_wconf 84' lang='lat' dir='ltr'>jam</span> <span class='ocrx_word' id='word_1_91' title='bbox 966 1769 1129 1841; x_wconf 87' lang='lat' dir='ltr'>morituri</span> 
     </span>
     <span class='ocr_line' id='line_1_14' title="bbox 136 1887 1131 1987; baseline 0.002 -32"><span class='ocrx_word' id='word_1_92' title='bbox 136 1887 376 1974; x_wconf 89' lang='lat' dir='ltr'>viderentur,</span> <span class='ocrx_word' id='word_1_93' title='bbox 401 1916 479 1959; x_wconf 91' lang='lat' dir='ltr'>non</span> <span class='ocrx_word' id='word_1_94' title='bbox 511 1889 562 1960; x_wconf 86' lang='lat' dir='ltr'>ob</span> <span class='ocrx_word' id='word_1_95' title='bbox 592 1891 790 1959; x_wconf 84' lang='lat' dir='ltr'>maximam</span> <span class='ocrx_word' id='word_1_96' title='bbox 823 1891 937 1987; x_wconf 85' lang='lat' dir='ltr'>egesti</span> <span class='ocrx_word' id='word_1_97' title='bbox 970 1888 1131 1959; x_wconf 84' lang='lat' dir='ltr'>humoris</span> 
     </span>
     <span class='ocr_line' id='line_1_15' title="bbox 138 2007 1130 2103; baseline 0.004 -31"><span class='ocrx_word' id='word_1_98' title='bbox 138 2007 309 2102; x_wconf 81' lang='lat' dir='ltr'>copiam3</span> <span class='ocrx_word' id='word_1_99' title='bbox 329 2031 414 2075; x_wconf 90' lang='lat' dir='ltr'>nam</span> <span class='ocrx_word' id='word_1_100' title='bbox 434 2021 558 2092; x_wconf 89' lang='lat' dir='ltr'>tanta,</span> <span class='ocrx_word' id='word_1_101' title='bbox 576 2007 713 2103; x_wconf 91' lang='lat' dir='ltr'>inquit,</span> <span class='ocrx_word' id='word_1_102' title='bbox 731 2012 824 2076; x_wconf 82' lang='lat' dir='ltr'>meri</span> <span class='ocrx_word' id='word_1_103' title='bbox 836 2011 1030 2102; x_wconf 75' lang='lat' dir='ltr'>sanguinis</span> <span class='ocrx_word' id='word_1_104' title='bbox 1046 2007 1130 2098; x_wconf 68' lang='lat' dir='ltr'>effu·</span> 
     </span>
     <span class='ocr_line' id='line_1_16' title="bbox 136 2122 1132 2221; baseline -0.002 -30"><span class='ocrx_word' id='word_1_105' title='bbox 136 2127 191 2192; x_wconf 85' lang='lat' dir='ltr'>sio</span> <span class='ocrx_word' id='word_1_106' title='bbox 210 2147 286 2192; x_wconf 90' lang='lat' dir='ltr'>non</span> <span class='ocrx_word' id='word_1_107' title='bbox 302 2123 343 2192; x_wconf 89' lang='lat' dir='ltr'>id</span> <span class='ocrx_word' id='word_1_108' title='bbox 357 2149 495 2221; x_wconf 83' lang='lat' dir='ltr'>parere</span> <span class='ocrx_word' id='word_1_109' title='bbox 513 2125 705 2221; x_wconf 89' lang='lat' dir='ltr'>potuisset.</span> <span class='ocrx_word' id='word_1_110' title='bbox 728 2129 866 2196; x_wconf 87' lang='lat' dir='ltr'>Contra</span> <span class='ocrx_word' id='word_1_111' title='bbox 886 2137 1012 2194; x_wconf 88' lang='lat' dir='ltr'>autem</span> <span class='ocrx_word' id='word_1_112' title='bbox 1034 2122 1132 2220; x_wconf 88' lang='lat' dir='ltr'>copia</span> 
     </span>
     <span class='ocr_line' id='line_1_17' title="bbox 138 2240 1132 2337; baseline -0.002 -28"><span class='ocrx_word' id='word_1_113' title='bbox 138 2241 217 2336; x_wconf 88' lang='lat' dir='ltr'>ipsa</span> <span class='ocrx_word' id='word_1_114' title='bbox 246 2243 419 2313; x_wconf 91' lang='lat' dir='ltr'>immanis</span> <span class='ocrx_word' id='word_1_115' title='bbox 446 2242 580 2336; x_wconf 88' lang='lat' dir='ltr'>dejecti</span> <span class='ocrx_word' id='word_1_116' title='bbox 608 2243 680 2312; x_wconf 90' lang='lat' dir='ltr'>seri</span> <span class='ocrx_word' id='word_1_117' title='bbox 710 2257 788 2311; x_wconf 91' lang='lat' dir='ltr'>tum</span> <span class='ocrx_word' id='word_1_118' title='bbox 811 2241 960 2312; x_wconf 86' lang='lat' dir='ltr'>mulieri</span> <span class='ocrx_word' id='word_1_119' title='bbox 990 2240 1038 2312; x_wconf 89' lang='lat' dir='ltr'>de</span> <span class='ocrx_word' id='word_1_120' title='bbox 1067 2261 1132 2337; x_wconf 84' lang='lat' dir='ltr'>qua</span> 
     </span>
     <span class='ocr_line' id='line_1_18' title="bbox 136 2354 1131 2455; baseline -0.002 -29"><span class='ocrx_word' id='word_1_121' title='bbox 136 2374 264 2429; x_wconf 89' lang='lat' dir='ltr'>narrat</span> <span class='ocrx_word' id='word_1_122' title='bbox 272 2360 473 2430; x_wconf 87' lang='lat' dir='ltr'>Marcellus</span> <span class='ocrx_word' id='word_1_123' title='bbox 487 2361 677 2455; x_wconf 86' lang='lat' dir='ltr'>Donatus(</span> <span class='ocrx_word' id='word_1_124' title='bbox 682 2359 732 2455; x_wconf 82' lang='lat'>3),</span> <span class='ocrx_word' id='word_1_125' title='bbox 750 2360 871 2430; x_wconf 87' lang='lat' dir='ltr'>statim</span> <span class='ocrx_word' id='word_1_126' title='bbox 883 2359 1010 2429; x_wconf 88' lang='lat' dir='ltr'>attulit</span> <span class='ocrx_word' id='word_1_127' title='bbox 1025 2354 1131 2430; x_wconf 88' lang='lat' dir='ltr'>animi</span> 
     </span>
     <span class='ocr_line' id='line_1_19' title="bbox 136 2470 1132 2573; baseline 0.004 -31"><span class='ocrx_word' id='word_1_128' title='bbox 136 2472 407 2562; x_wconf 84' lang='lat' dir='ltr'>defectionem,</span> <span class='ocrx_word' id='word_1_129' title='bbox 423 2491 504 2546; x_wconf 89' lang='lat' dir='ltr'>tum</span> <span class='ocrx_word' id='word_1_130' title='bbox 524 2477 714 2546; x_wconf 82' lang='lat' dir='ltr'>notarium</span> <span class='ocrx_word' id='word_1_131' title='bbox 736 2475 876 2573; x_wconf 92' lang='lat' dir='ltr'>dequo</span> <span class='ocrx_word' id='word_1_132' title='bbox 898 2476 1072 2546; x_wconf 88' lang='lat' dir='ltr'>Poterius</span> <span class='ocrx_word' id='word_1_133' title='bbox 1088 2470 1132 2569; x_wconf 77' lang='lat' dir='ltr'>(t)</span> 
     </span>
     <span class='ocr_line' id='line_1_20' title="bbox 135 2592 1131 2691; baseline -0.003 -29"><span class='ocrx_word' id='word_1_134' title='bbox 135 2592 181 2662; x_wconf 91' lang='lat' dir='ltr'>ad</span> <span class='ocrx_word' id='word_1_135' title='bbox 200 2608 360 2663; x_wconf 84' lang='lat' dir='ltr'>mortem</span> <span class='ocrx_word' id='word_1_136' title='bbox 379 2593 656 2691; x_wconf 88' lang='lat' dir='ltr'>propemodum</span> <span class='ocrx_word' id='word_1_137' title='bbox 677 2593 868 2690; x_wconf 82' lang='lat' dir='ltr'>perduxit3</span> <span class='ocrx_word' id='word_1_138' title='bbox 884 2607 1019 2663; x_wconf 85' lang='lat' dir='ltr'>neuter</span> <span class='ocrx_word' id='word_1_139' title='bbox 1039 2593 1131 2662; x_wconf 86' lang='lat' dir='ltr'>enim</span> 
     </span>
     <span class='ocr_line' id='line_1_21' title="bbox 135 2704 1131 2807; baseline -0.003 -27"><span class='ocrx_word' id='word_1_140' title='bbox 135 2727 268 2780; x_wconf 89' lang='lat' dir='ltr'>auctor</span> <span class='ocrx_word' id='word_1_141' title='bbox 294 2709 340 2781; x_wconf 92' lang='lat' dir='ltr'>de</span> <span class='ocrx_word' id='word_1_142' title='bbox 370 2710 566 2781; x_wconf 88' lang='lat' dir='ltr'>doloribus</span> <span class='ocrx_word' id='word_1_143' title='bbox 593 2710 802 2807; x_wconf 83' lang='lat' dir='ltr'>quidquam</span> <span class='ocrx_word' id='word_1_144' title='bbox 835 2723 1043 2798; x_wconf 80' lang='lat' dir='ltr'>memorat3</span> <span class='ocrx_word' id='word_1_145' title='bbox 1075 2704 1131 2779; x_wconf 82' lang='lat' dir='ltr'>sed</span> 
     </span>
     <span class='ocr_line' id='line_1_22' title="bbox 134 2827 1131 2924; baseline -0.003 -28"><span class='ocrx_word' id='word_1_146' title='bbox 134 2828 195 2897; x_wconf 87' lang='lat' dir='ltr'>ille</span> <span class='ocrx_word' id='word_1_147' title='bbox 215 2843 361 2898; x_wconf 86' lang='lat' dir='ltr'>tantam</span> <span class='ocrx_word' id='word_1_148' title='bbox 379 2854 492 2924; x_wconf 85' lang='lat' dir='ltr'>aquae</span> <span class='ocrx_word' id='word_1_149' title='bbox 507 2828 624 2900; x_wconf 85' lang='lat' dir='ltr'>clarae</span> <span class='ocrx_word' id='word_1_150' title='bbox 644 2833 911 2924; x_wconf 82' lang='lat' dir='ltr'>quantitatem,</span> <span class='ocrx_word' id='word_1_151' title='bbox 935 2827 1007 2911; x_wconf 86' lang='lat' dir='ltr'>ait,</span> <span class='ocrx_word' id='word_1_152' title='bbox 1028 2832 1131 2897; x_wconf 83' lang='lat' dir='ltr'>unica</span> 
     </span>
     <span class='ocr_line' id='line_1_23' title="bbox 134 2944 1132 3044; baseline -0.003 -29"><span class='ocrx_word' id='word_1_153' title='bbox 134 2952 345 3016; x_wconf 79' lang='lat' dir='ltr'>excretione</span> <span class='ocrx_word' id='word_1_154' title='bbox 370 2945 589 3044; x_wconf 80' lang='lat' dir='ltr'>expulsam,</span> <span class='ocrx_word' id='word_1_155' title='bbox 618 2962 660 3016; x_wconf 87' lang='lat' dir='ltr'>ut</span> <span class='ocrx_word' id='word_1_156' title='bbox 684 2947 885 3040; x_wconf 83' lang='lat' dir='ltr'>subjectum</span> <span class='ocrx_word' id='word_1_157' title='bbox 911 2969 984 3014; x_wconf 85' lang='lat' dir='ltr'>vas</span> <span class='ocrx_word' id='word_1_158' title='bbox 1010 2944 1132 3016; x_wconf 74' lang='lat' dir='ltr'>multa</span> 
     </span>
     <span class='ocr_line' id='line_1_24' title="bbox 133 3065 1131 3162; baseline -0.003 -29"><span class='ocrx_word' id='word_1_159' title='bbox 133 3070 358 3162; x_wconf 82' lang='lat' dir='ltr'>capacitatis</span> <span class='ocrx_word' id='word_1_160' title='bbox 388 3065 608 3161; x_wconf 54' lang='lat' dir='ltr'>repleverim</span> <span class='ocrx_word' id='word_1_161' title='bbox 642 3065 702 3134; x_wconf 78' lang='lat' dir='ltr'>hic</span> <span class='ocrx_word' id='word_1_162' title='bbox 733 3088 824 3134; x_wconf 85' lang='lat' dir='ltr'>vero</span> <span class='ocrx_word' id='word_1_163' title='bbox 852 3087 924 3160; x_wconf 86' lang='lat' dir='ltr'>per</span> <span class='ocrx_word' id='word_1_164' title='bbox 957 3069 1131 3159; x_wconf 80' lang='lat' dir='ltr'>integrum</span> 
     </span>
     <span class='ocr_line' id='line_1_25' title="bbox 132 3181 1128 3280; baseline -0.004 -31"><span class='ocrx_word' id='word_1_165' title='bbox 132 3181 230 3251; x_wconf 87' lang='lat' dir='ltr'>diem</span> <span class='ocrx_word' id='word_1_166' title='bbox 258 3207 375 3280; x_wconf 84' lang='lat' dir='ltr'>supra</span> <span class='ocrx_word' id='word_1_167' title='bbox 406 3189 453 3270; x_wconf 67' lang='lat' dir='ltr'>Ao</span> <span class='ocrx_word' id='word_1_168' title='bbox 481 3183 599 3253; x_wconf 85' lang='lat' dir='ltr'>libras</span> <span class='ocrx_word' id='word_1_169' title='bbox 625 3186 794 3250; x_wconf 78' lang='lat' dir='ltr'>materiae</span> <span class='ocrx_word' id='word_1_170' title='bbox 825 3206 960 3251; x_wconf 85' lang='lat' dir='ltr'>serosoe</span> <span class='ocrx_word' id='word_1_171' title='bbox 989 3183 1128 3277; x_wconf 81' lang='lat' dir='ltr'>ejectas.</span> 
     </span>
    </p>
   </div>
   <div class='ocr_carea' id='block_1_3' title="bbox 11 3295 1126 3397">
    <p class='ocr_par' dir='ltr' id='par_1_3' title="bbox 11 3295 1126 3397">
     <span class='ocr_line' id='line_1_26' title="bbox 11 3295 1126 3397; baseline 0.004 -32"><span class='ocrx_word' id='word_1_172' title='bbox 11 3310 15 3323; x_wconf 89' lang='grc'><strong>“</strong></span> <span class='ocrx_word' id='word_1_173' title='bbox 129 3301 260 3395; x_wconf 82' lang='lat' dir='ltr'>Neque</span> <span class='ocrx_word' id='word_1_174' title='bbox 275 3314 400 3369; x_wconf 90' lang='lat' dir='ltr'>tamen</span> <span class='ocrx_word' id='word_1_175' title='bbox 424 3299 565 3397; x_wconf 85' lang='lat' dir='ltr'>aliquid</span> <span class='ocrx_word' id='word_1_176' title='bbox 582 3300 805 3369; x_wconf 88' lang='lat' dir='ltr'>irritamenti</span> <span class='ocrx_word' id='word_1_177' title='bbox 818 3300 857 3368; x_wconf 89' lang='lat' dir='ltr'>in</span> <span class='ocrx_word' id='word_1_178' title='bbox 876 3297 933 3368; x_wconf 89' lang='lat' dir='ltr'>his</span> <span class='ocrx_word' id='word_1_179' title='bbox 945 3295 1126 3369; x_wconf 70' lang='lat' dir='ltr'>fuissene</span> 
     </span>
    </p>
   </div>
   <div class='ocr_carea' id='block_1_4' title="bbox 230 3810 733 3983">
    <p class='ocr_par' dir='ltr' id='par_1_4' title="bbox 230 3810 733 3983">
     <span class='ocr_line' id='line_1_27' title="bbox 230 3810 733 3893; baseline -0.006 -26"><span class='ocrx_word' id='word_1_180' title='bbox 230 3812 280 3867; x_wconf 72' lang='lat' dir='ltr'>Ue</span> <span class='ocrx_word' id='word_1_181' title='bbox 296 3810 374 3867; x_wconf 86' lang='lat' dir='ltr'>med.</span> <span class='ocrx_word' id='word_1_182' title='bbox 388 3810 465 3867; x_wconf 76' lang='lat' dir='ltr'>nist.</span> <span class='ocrx_word' id='word_1_183' title='bbox 479 3810 548 3867; x_wconf 87' lang='lat' dir='ltr'>mir.</span> <span class='ocrx_word' id='word_1_184' title='bbox 562 3813 584 3867; x_wconf 92' lang='lat' dir='ltr'>l.</span> <span class='ocrx_word' id='word_1_185' title='bbox 600 3817 634 3893; x_wconf 71' lang='lat'>4,</span> <span class='ocrx_word' id='word_1_186' title='bbox 647 3832 672 3868; x_wconf 90' lang='lat' dir='ltr'>c.</span> <span class='ocrx_word' id='word_1_187' title='bbox 687 3818 733 3866; x_wconf 79' lang='lat'><strong>20&#39;.</strong></span> 
     </span>
     <span class='ocr_line' id='line_1_28' title="bbox 234 3910 615 3983; baseline -0.005 -16"><span class='ocrx_word' id='word_1_188' title='bbox 234 3910 360 3967; x_wconf 81' lang='lat' dir='ltr'>Observ.</span> <span class='ocrx_word' id='word_1_189' title='bbox 379 3922 457 3968; x_wconf 85' lang='lat' dir='ltr'>cent.</span> <span class='ocrx_word' id='word_1_190' title='bbox 472 3931 507 3983; x_wconf 62' lang='grc' dir='ltr'>α,</span> <span class='ocrx_word' id='word_1_191' title='bbox 527 3932 553 3967; x_wconf 88' lang='lat' dir='ltr'>c.</span> <span class='ocrx_word' id='word_1_192' title='bbox 567 3911 615 3967; x_wconf 76' lang='lat'>62.</span> 
     </span>
    </p>
   </div>
   <div class='ocr_carea' id='block_1_5' title="bbox 0 0 1294 4514">
    <p class='ocr_par' dir='ltr' id='par_1_5' title="bbox 0 0 1294 4514">
     <span class='ocr_line' id='line_1_29' title="bbox 0 0 1294 4514; baseline 0 2"><span class='ocrx_word' id='word_1_193' title='bbox 0 0 1294 4514; x_wconf 95' lang='lat' dir='ltr'> </span> 
     </span>
    </p>
   </div>
  </div>
 </body>
</html>
