2580 4514
151 403 220 476 526
315 424 361 470 na
388 422 533 470 sautans
559 421 754 468 arenosis
780 423 996 470 noanonnu

148 539 264 625 deris3
296 535 360 607 sed
391 535 554 606 tormina
583 531 736 630 quidem
768 549 805 606 et
832 536 980 606 ventris
1007 533 1131 607 dolores

148 655 260 727 fuisse
280 655 428 750 legens,
451 677 522 723 nec
539 667 664 722 tamen
683 652 723 757 in
745 650 907 724 dextero
933 651 1131 751 hypochon-

146 773 229 845 drio
244 826 253 857 ‚
271 773 347 842 imo
360 771 504 840 iliacam
523 769 715 866 regionem
731 769 771 840 in
790 795 870 841 uno
887 762 1062 868 exemplo
1072 795 1131 868 gn·

148 906 297 974 ventes,
316 887 458 984 lapides
475 886 702 957 intestinales
721 884 835 958 fuisse
860 887 998 960 credes
1009 942 1020 974 ‚
1041 886 1131 984 idque

148 1035 192 1080 eo
212 1006 355 1079 facilius
369 1004 473 1103 quod
497 1028 574 1074 non
601 1004 782 1092 icternm,
811 1006 880 1077 sed
900 1004 1091 1076 volvulnm
1105 1004 1132 1072 in

148 1127 207 1197 bis
221 1124 377 1223 singulis
392 1121 512 1194 tribus
529 1120 677 1193 casibus
688 1121 836 1194 videbis
850 1123 1132 1193 commemorari.
1150 1168 1160 1210 a,

147 1243 362 1316 Succedunt
374 1239 544 1339 exempla
564 1239 633 1310 alia
646 1241 726 1311 tria.
743 1243 923 1341 Quorum
936 1241 1133 1343 primumn)

148 1364 178 1436 si
190 1362 305 1434 ullam
319 1359 366 1431 de
377 1359 480 1455 regio
498 1356 634 1428 morbo
648 1359 882 1428 mentionem
899 1357 1132 1445 haberetme·

146 1506 221 1581 que
245 1478 412 1575 dejectos
430 1477 569 1572 absque
583 1472 668 1544 ullis
682 1471 878 1546 doloribus
897 1474 1052 1574 lapillos
1067 1499 1133 1574 prc-

146 1610 323 1698 poneret3
343 1592 482 1664 horum
505 1591 706 1690 descriptio
729 1607 835 1664 tanto
859 1593 985 1691 magis
1003 1591 1134 1676 faceret,

146 1731 186 1788 ut
199 1738 268 1813 pro
286 1711 432 1807 cysticis
444 1698 751 1806 agnosceremus,
768 1709 876 1806 quod
893 1709 1133 1808 magnitudine

146 1858 231 1904 cum
244 1833 287 1900 iis
307 1828 459 1899 minime
482 1823 725 1924 comparandi
744 1840 852 1898 erant
871 1829 942 1924 qui
961 1827 1078 1900 tribus
1088 1850 1133 1898 su·

145 1946 358 2050 perioribus
388 1960 425 2017 et
458 1943 614 2016 totidem
647 1943 943 2040 insequentibus
979 1943 1133 2043 exemplis

144 2080 411 2139 memorantur.
429 2068 571 2134 Horum
584 2062 742 2134 alterum
754 2064 808 2157 (α)
823 2061 984 2135 dolores
1002 2061 1131 2161 quiden

145 2186 301 2271 colicos,
324 2181 485 2255 sednon
507 2178 554 2250 ad
578 2178 772 2250 dexterum
790 2177 1132 2277 hypochondrinm,

144 2329 269 2403 neque
291 2326 377 2372 cum
401 2301 517 2370 ictero
540 2296 765 2391 conjunctos
793 2295 964 2369 exhibet.
991 2303 1133 2391 Quane

143 2423 251 2495 brem
276 2417 483 2499 caleulum,
509 2414 679 2512 quamvis
699 2416 977 2504 concentricis,
996 2432 1038 2488 ut
1057 2419 1132 2486 lcon

143 2538 326 2622 ostendit,
347 2533 549 2609 corticibus
568 2531 782 2630 praeditum,
796 2511 834 2602 et
851 2531 959 2604 intus
975 2549 1132 2630 extraque

144 2659 300 2740 ssavum,
320 2653 497 2726 libentius
515 2675 602 2721 cnm
620 2650 650 2745 ej
658 2674 700 2720 ns
714 2646 963 2722 observatore
985 2648 1133 2724 credide*

141 2780 213 2853 rim
241 2776 280 2845 in
305 2771 433 2867 aliquo
461 2769 639 2838 intestino
660 2767 827 2864 genitum
849 2764 941 2838 bilis
966 2762 1133 2866 ingressui

140 2895 331 2997 propiore.
355 2891 412 2959 Sic
432 2889 472 2956 in
489 2885 600 2956 tertio
629 2884 801 2980 exemplo
818 2880 874 2978 (3)
896 2887 1083 2958 assentior
1097 2880 1130 2953 cl.

140 3009 366 3096 Albrechto,
393 3002 545 3081 incolo
576 3003 752 3073 intestino
785 3015 893 3081 ortos
921 2999 1131 3075 existimanti

142 3128 325 3214 calculos,
345 3147 441 3222 quos
471 3121 638 3216 alioquin
664 3116 843 3190 describit
867 3116 995 3218 ligura
1016 3122 1133 3218 trique-

141 3265 221 3334 tra,
249 3246 288 3313 in
303 3265 399 3338 aqua
417 3253 607 3325 natantes,
622 3234 903 3334 flammamque
926 3241 1128 3338 concipien·

141 3382 215 3450 tes3
236 3360 437 3444 assentior,
458 3358 636 3454 inquam,
655 3369 827 3425 nontam
848 3358 941 3452 quia
965 3357 1039 3430 sub
1059 3355 1129 3427 obs·-

140 3507 230 3558 cura
245 3477 428 3550 exteriore
442 3463 625 3546 flavedine
645 3471 899 3563 albissimam,
917 3501 1003 3574 quae
1023 3490 1129 3547 tamen

132 3652 1131 3682 m

179 3778 221 3862 (1)
243 3777 385 3850 Eorumd.
401 3786 472 3829 tom.
488 3774 522 3830 3.
539 3772 604 3827 obs.
619 3771 664 3826 82.

178 3880 219 3960 (a)
241 3877 385 3935 Eorumd.
403 3884 423 3928 t.
438 3874 472 3942 8,
491 3871 555 3927 obs.
575 3889 640 3926 121.

177 3982 219 4061 (3)
240 3977 385 4040 Eorumd.
402 3985 423 4031 t.
440 3973 474 4047 3,
490 3972 555 4031 obs.
571 3969 617 4042 57.
