2580 4514
141 97 212 173 352
308 119 356 165 na
382 117 529 166 sameas
553 120 598 166 rr
622 118 747 169 crosis
772 123 984 176 nonnosum
1139 39 1164 201 i

140 237 307 335 denique
324 260 394 334 per
410 259 453 308 os
464 233 685 308 reddantur.
697 236 770 310 Sed
782 238 879 311 nihil
894 240 1030 315 horum
1040 258 1126 319 ceno

119 422 121 429 .
142 355 312 426 invenies
328 352 498 452 relegens
516 379 599 451 quae
617 378 730 452 supra
743 353 796 454 (ι)
812 357 944 431 saltem
961 361 1008 433 de
1027 388 1135 453 servo,

139 473 188 544 de
204 498 300 559 anu,
320 471 367 542 de
395 471 510 542 altera
526 469 682 543 muliere
708 476 904 573 proposita
929 476 1035 553 sunt}
1049 482 1118 581 quir

140 591 231 663 huic
246 591 383 661 ultimae
401 589 482 660 laxa
504 604 583 659 erat
608 588 722 661 alvus.
741 580 848 663 Sitim
872 619 1048 694 qnoque,
1063 624 1120 670 non

140 711 261 782 levem
279 708 379 779 hanc
404 706 489 779 dico
510 731 623 805 quam
649 706 853 806 aliqnando
881 713 1120 788 animadvertit

140 827 378 915 Albertinus3
396 826 459 899 sed
480 827 676 898 molestam
697 825 818 915 illam,
833 854 951 926 quam
971 833 1083 925 aiunt,
1095 848 1120 906 et

140 963 256 1026 acutae
284 943 380 1017 febri
409 944 715 1033 convenientem,
741 946 781 1015 in
808 946 988 1044 pluribus
1010 950 1121 1026 frustra

141 1067 350 1164 perquires.
368 1063 477 1134 Mitto
498 1077 649 1151 caetera3
664 1088 789 1161 neque
813 1064 916 1136 enim
943 1068 1039 1141 mihi
1059 1095 1121 1171 pro·

141 1185 308 1284 positum
327 1196 381 1255 est
395 1182 616 1279 scriptores,
633 1205 728 1278 qnos
745 1184 872 1280 magni
889 1181 1008 1276 facio,
1019 1187 1120 1260 redar-

141 1328 272 1401 guere3
283 1299 350 1372 sed
360 1297 623 1371 tantummodo
641 1323 723 1396 quae
737 1301 926 1399 praecipua
941 1304 1119 1378 inflamm-

141 1434 268 1490 torum
300 1419 563 1489 intestinorum
599 1417 704 1515 signa
738 1416 963 1510 traduntur,
998 1449 1040 1497 ea
1063 1448 1117 1497 non

141 1561 294 1634 semper
308 1535 452 1623 adesse,
467 1534 677 1607 ostendere.

194 1655 250 1727 23.
279 1657 462 1726 Caeterum
472 1653 623 1726 laudare
637 1654 787 1726 eosdem
801 1680 873 1754 pro
887 1683 936 1730 eo
948 1685 993 1753 ac
1005 1686 1117 1735 meren

143 1790 226 1862 tur,
249 1774 336 1846 satis
356 1798 434 1843 non
461 1798 633 1872 possum,
652 1798 738 1844 cum
763 1773 998 1867 admonent,
1019 1778 1117 1865 facile,

143 1918 185 1964 ac
215 1893 346 1989 saepius
376 1916 508 1962 eorum
534 1891 720 1961 viscerum
748 1888 1116 1970 inflammationemin

140 2034 376 2112 gangraenam
399 2033 440 2080 ac
465 2007 684 2108 sphacelum
705 2008 900 2099 desinere,
920 2011 1115 2114 ejusquerti

138 2127 322 2200 indicium
345 2151 448 2215 esse,
468 2128 497 2198 si
514 2127 638 2198 omnis
660 2124 786 2198 subito
804 2146 1007 2204 evanescat
1022 2130 1111 2205 dolor.

137 2247 324 2318 Nimirum
344 2272 389 2317 ex
413 2244 542 2317 eadem
561 2243 624 2314 illa
642 2269 752 2317 causa
779 2259 857 2347 est,
880 2247 991 2346 quod
1015 2251 1044 2323 si
1064 2247 1114 2319 hoc

138 2362 281 2437 accidat
306 2365 347 2434 in
373 2363 611 2461 dysenteria,
640 2363 716 2434 cito
741 2364 829 2464 aegri
852 2384 1034 2462 pereant,
1056 2384 1115 2441 cm

136 2485 262 2556 minus
281 2482 320 2552 id
337 2483 408 2580 ipsi
438 2497 474 2553 et
495 2480 617 2553 caeteri
633 2481 779 2552 timent.
798 2481 924 2566 Habes
948 2485 992 2557 in
1011 2480 1114 2585 Sepul-

137 2599 258 2673 chreti
275 2600 374 2671 libro
403 2598 477 2669 hoc
498 2603 562 2670 ΙΙΙ.
584 2602 685 2670 Sect.
705 2602 765 2669 ΧΙ.
789 2597 843 2696 (2)
873 2602 1118 2700 ingenuamat

135 2720 364 2818 Hippocrate
380 2717 553 2816 dignam,
573 2717 821 2789 Drelincurtii
840 2715 1119 2802 confessionem,
1152 2806 1155 2817 Ι

135 2838 203 2936 qui
229 2836 455 2933 dysenterioi
487 2834 714 2907 cruciatibus
743 2836 929 2909 continuo
952 2836 1121 2912 silentibus

136 2979 223 3025 cum
257 2955 484 3052 triumphum
515 2959 722 3043 cecinisset,
747 2952 869 3026 tribus
893 2972 983 3055 post
1014 2954 1119 3029 dietus

136 3056 448 3170 detriumpharit,
482 3096 581 3170 aegro
610 3072 690 3143 sine
715 3070 914 3145 doloribus
935 3086 1118 3174 pereunte,

134 3188 186 3260 ob
206 3189 350 3260 viscera
374 3192 512 3260 mirum
541 3192 581 3259 in
608 3189 766 3260 modum
785 3188 967 3262 siderata.
993 3194 1119 3285 Nosque
1162 3240 1164 3247 .

172 3562 216 3641 (1)
238 3565 275 3619 N.
296 3581 348 3631 10,
369 3573 446 3617 raet
461 3560 507 3616 16.

172 3678 216 3759 (a)
237 3683 273 3738 In
287 3644 383 3736 addit.
397 3679 462 3734 obs.
478 3683 505 3743 4.
