2580 4514
149 373 218 446 560
312 397 359 442 nn
385 395 532 442 scurrus
556 397 600 441 nr
625 395 752 443 causis
779 397 994 444 uounonnu

137 508 353 608 incipiebat.
379 513 422 580 In
451 508 576 580 cordis
594 509 817 583 ventriculis
845 527 1048 583 concretus
1064 534 1122 582 san·
1174 586 1176 593 ,

138 629 220 726 guis
237 641 273 697 et
291 627 330 696 in
348 627 515 697 auricula
542 651 696 724 quoque
718 629 898 717 dextera,
917 631 959 711 in
982 655 1054 727 qua
1072 630 1125 727 pri·

138 770 202 816 mo
218 759 371 842 aspectu
396 744 574 842 placentne
592 746 746 815 uterinae
764 747 993 842 portionem
1017 743 1128 818 refero

136 858 213 934 bat.
234 866 278 931 In
301 863 452 933 sinistro
481 862 690 933 ventriculo
715 862 909 962 polyposa
937 864 1129 949 concretio,

140 979 186 1051 ab
204 980 309 1051 omni
323 994 428 1077 parte
442 993 619 1076 separata.

194 1104 246 1184 14.
268 1097 382 1169 Vides
405 1097 519 1194 igitur
543 1112 702 1194 utraque
721 1095 792 1167 hac
816 1098 959 1169 collata
984 1097 1134 1170 observa·

139 1217 264 1302 tione,
296 1240 381 1285 cum
412 1215 568 1310 supinus
596 1212 794 1285 decubitus
820 1214 1038 1315 utrobique
1061 1228 1133 1286 esset

141 1334 393 1419 necessarius,
421 1357 497 1402 non
532 1331 734 1427 utrobique
771 1332 1038 1429 pericardium
1071 1355 1133 1404 sero

140 1452 297 1549 plenum
325 1447 454 1538 fuisse,
475 1451 553 1519 imo
579 1450 617 1519 in
647 1473 734 1520 sene
756 1449 938 1523 humoris
966 1450 1064 1521 nihil
1084 1449 1133 1519 ba·

140 1567 274 1641 buisse.
289 1566 399 1657 Quod
416 1569 444 1638 si
459 1568 643 1638 viscerum
664 1569 811 1638 interae
823 1592 1033 1667 compares
1051 1568 1131 1645 vitia.

142 1687 265 1782 gravia
282 1684 436 1781 quidem
455 1686 618 1783 reperies
636 1686 674 1755 in
691 1699 880 1782 utroque,
904 1687 974 1758 sed
997 1713 1073 1758 non
1088 1709 1133 1757 ea·

141 1803 237 1873 dem.
263 1805 339 1872 Nec
364 1804 554 1898 sanguinis
578 1804 730 1899 utrique
747 1803 884 1874 eadem
905 1804 1132 1879 constitutio:

140 1921 237 2005 imo,
260 1919 415 2015 quodin
433 1919 689 2018 superioribus
708 1921 820 1991 etiam
840 1920 1134 2020 hydropicisani-

141 2036 371 2106 madvertere
388 2039 564 2133 potuisti,
585 2038 647 2107 alii
659 2061 814 2135 prorsus
829 2037 915 2109 alia.
932 2042 1037 2110 Anui
1052 2039 1132 2110 enin

139 2151 276 2225 fluidus
299 2151 388 2241 fuit;
419 2156 498 2225 seni
525 2170 749 2225 concretus:
776 2168 813 2225 et
841 2156 956 2251 quod
979 2154 1132 2254 polyposi

139 2271 288 2360 babuit,
305 2272 344 2341 in
363 2272 425 2342 illa
443 2271 638 2343 flaccidum
655 2272 936 2368 laxumque‚in
957 2273 1033 2346 hoc
1049 2296 1133 2345 com·

139 2390 303 2486 pactius,
317 2404 353 2459 et
368 2389 472 2486 quod
488 2415 573 2460 raro
593 2415 613 2459 a
632 2389 801 2461 Valsalva
822 2389 1054 2464 adnotatum
1075 2405 1133 2474 est,

140 2507 179 2576 in
199 2508 349 2577 sinistro
363 2507 594 2588 ventriculo,
614 2531 692 2576 non
713 2507 754 2576 in
778 2506 954 2580 dextero
974 2508 1132 2606 Ejusdem

140 2625 255 2720 igitur
270 2623 467 2696 decubitus
484 2626 591 2695 variae
615 2639 703 2696 sunt
715 2649 854 2713 causae‚
872 2653 950 2698 nec
969 2654 1056 2700 raro
1080 2623 1133 2698 dil·

139 2739 256 2813 ficiles
269 2742 408 2813 babent
421 2743 638 2839 explicatus,
654 2757 696 2813 ut
709 2742 1134 2839 alias(1)ostensumest‚

142 2875 178 2930 et
209 2859 355 2931 duabus
381 2886 463 2957 quae
492 2875 701 2957 sequuntur
727 2859 1066 2935 observationibus
1090 2865 1133 2932 in·

140 2993 198 3048 ter
212 3004 272 3066 se,
290 2994 326 3050 et
345 3003 430 3049 cum
449 2981 619 3076 proxima
642 2979 838 3075 superiore
858 2981 1011 3054 collatis
1028 2997 1134 3054 osten-

141 3097 261 3168 detur.

194 3212 247 3284 15.
261 3216 413 3284 Femina
429 3213 593 3312 gracilis,
608 3237 750 3282 annum
764 3237 880 3310 agens
899 3217 1055 3289 circiter
1063 3216 1133 3287 duo

141 3330 441 3428 demigrantium,
474 3355 554 3427 quae
576 3330 653 3426 jam
684 3346 769 3400 ante
803 3356 958 3406 menses
988 3348 1134 3432 quatuor

140 3448 278 3519 vulnus
305 3462 501 3544 acceperat
518 3447 564 3517 ad
582 3447 823 3536 umbilicum,
851 3447 1010 3524 difficile
1035 3453 1132 3549 spira·

139 3566 224 3655 bat,
242 3564 348 3636 valde
376 3565 542 3654 sitiebat,
567 3565 742 3635 nonnihil
772 3569 1003 3666 exspuebat,
1024 3568 1069 3640 de
1083 3566 1133 3637 do

180 3953 224 4033 (t)
244 3955 338 4030 Epist.
358 3972 412 4028 ao,
428 3971 457 4007 n.
476 3951 513 4008 26
528 3961 557 4006 et
570 3949 650 4006 alibi.
