2580 4514
183 386 253 459 612
349 406 395 453 ns
421 403 566 453 seorsus
591 402 634 448 ur
659 399 783 449 causis
809 401 1031 451 moruorum
1134 430 1136 437 ,

183 536 221 593 et
239 543 348 591 renes
361 518 399 587 in
416 516 547 614 primis
571 530 677 587 erant
694 539 801 587 saure.
829 521 984 614 Magnae
999 532 1123 589 tamen
1135 543 1180 588 ar·

184 638 285 708 teriae
305 648 463 706 truncus
483 633 623 702 minori
641 656 752 728 quam
772 655 840 729 par
861 650 981 722 esset,
1001 635 1180 706 latitudine

152 762 159 773 ‘
183 752 366 850 apparuit.
387 747 639 847 Diaphragma
657 764 781 819 autem
801 749 916 822 altius
937 752 978 821 in
997 752 1179 823 thoracem

184 867 410 952 ascendens,
438 863 632 961 multoque
656 863 695 936 id
714 866 831 962 magis
849 891 871 936 a
888 866 1061 954 dex'tris,
1082 893 1181 966 quaa

183 984 494 1086 protuberantia‚
519 996 562 1052 ut
584 982 767 1065 diximus,
795 981 946 1081 hepatis
974 986 1179 1084 urgebatur.

186 1103 298 1195 Quod
319 1127 403 1173 cum
423 1123 557 1171 venam
573 1122 697 1170 cavam
714 1098 942 1189 incidendo,
961 1127 981 1173 a
997 1102 1181 1203 diaphrag-

184 1236 283 1293 mate
293 1217 593 1301 detraheremus‚
610 1240 686 1286 non
703 1215 888 1312 plurimus
903 1242 954 1288 ex
971 1244 1015 1290 ea
1035 1221 1179 1318 sanguis,

185 1353 223 1410 et
242 1341 272 1408 is
289 1338 413 1434 niger,
434 1359 504 1405 nee
523 1348 741 1418 concretus,
760 1330 914 1404 effluxit.
935 1336 1120 1408 Thoracis
1131 1361 1180 1434 pa·

186 1453 344 1526 rictibus
371 1451 573 1538 omnibus,
599 1449 637 1520 id
663 1465 718 1521 est
744 1448 992 1524 inferioribus
1016 1479 1178 1552 quoque,

186 1572 386 1671 pulmones
402 1569 543 1666 ubique
561 1582 668 1640 erant
683 1568 889 1640 arctissime
905 1573 1064 1642 annexi.
1085 1571 1179 1643 Sinis·

86 1708 89 1713 ·
185 1692 236 1760 tri
266 1710 352 1784 pars
379 1687 551 1783 superior
579 1684 741 1781 quodam
767 1685 851 1756 loco
886 1702 971 1759 erat
1002 1684 1185 1786 aliquanti

188 1804 342 1891 durior,
362 1827 431 1875 nec
452 1818 575 1873 tamen
595 1801 787 1874 evidenter
805 1804 953 1874 vitiata„
968 1809 1015 1875 ln
1032 1808 1178 1904 pericar-

188 1919 253 1992 dio
274 1946 369 2018 aqua
394 1919 507 1989 multa
533 1918 805 2015 ejusdemmodi
818 1944 861 1991 ac
880 1910 925 1990 lb
949 1938 1097 1995 ventre.
1121 1928 1178 1994 Cor

189 2036 338 2122 laxum,
362 2037 399 2106 in
419 2060 539 2132 eoque
564 2051 600 2106 et
623 2037 719 2107 vasis
748 2037 892 2134 magnis
919 2062 1004 2109 non
1032 2042 1177 2135 uuiltum

189 2155 404 2252 sanguinis,
421 2154 517 2249 nigri
533 2152 707 2248 quidem,
727 2152 792 2224 sed
813 2153 940 2224 minus
956 2142 1067 2229 flami
1085 2181 1177 2255 quam

135 2358 148 2385 ⁶
187 2273 227 2344 in
243 2297 330 2342 cava
343 2270 518 2342 inferiore
528 2271 821 2368 vena,‘quamvis
833 2271 914 2343 sine
925 2274 1178 2374 ullapolyposa

189 2403 441 2479 concretione.

237 2511 359 2604 Caput
379 2504 469 2575 dum
498 2528 518 2574 a
546 2502 753 2575 cervicibus
779 2502 1100 2597 abscinderetur,
1127 2510 1179 2580 ali-

189 2639 373 2721 quantum
396 2646 500 2718 aquae
513 2636 591 2692 tum
605 2646 625 2692 e
639 2620 920 2710 vertebrarum,
934 2640 1020 2697 tum
1045 2653 1065 2698 e
1081 2626 1179 2701 cranii

189 2765 282 2813 cavo
295 2739 459 2812 defluxit.
479 2738 550 2810 Sed
572 2751 608 2810 et
625 2739 795 2811 laterales
818 2740 970 2813 cerebri
999 2743 1180 2817 ventriculi

188 2880 328 2954 aquam¹
344 2881 422 2927 non
444 2856 602 2925 omniuo
622 2878 780 2952 paucum
804 2855 1030 2933 habueruut
1050 2860 1181 2934 sublus-

189 2999 270 3046 cam
291 2988 327 3044 et
347 2952 552 3058 turbidam,
573 2972 705 3070 plexus
719 2987 842 3042 autem
858 2972 1072 3051 choroides
1095 2977 1181 3077 palli·

188 3088 259 3163 dos
277 3092 437 3160 maxima
460 3114 504 3160 ex
533 3104 647 3186 parte.
668 3088 872 3160 Cerebrum
894 3105 1030 3166 tamen
1053 3094 1120 3168 fuit
1142 3095 1181 3166 sic

189 3209 276 3278 satis
291 3207 440 3280 firmum
459 3233 470 3296 ;
488 3206 716 3279 cerebellum
736 3207 931 3303 permolle.

239 3322 296 3395 35.
320 3325 434 3395 Multa
452 3326 589 3395 suntin
603 3325 795 3421 proposita
811 3322 1103 3419 observatione,
1117 3354 1183 3428 quae

187 3441 218 3515 si
238 3464 484 3538 persequerer
504 3439 668 3538 singula,
688 3441 843 3538 epistola
857 3440 940 3514 brec
955 3444 1075 3544 longe
1086 3472 1182 3546 quam

187 3558 378 3655 superior,
398 3557 580 3654 prolixior
599 3570 703 3629 esset.
723 3558 915 3654 Intelliges
933 3559 974 3631 id
992 3566 1099 3637 exiis
1116 3588 1183 3663 que

187 3671 233 3744 de
250 3672 491 3769 hydatidibus
503 3688 650 3745 tantum
665 3673 838 3745 scribam.
859 3678 958 3748 Nam
980 3683 1055 3753 etsi
1070 3704 1183 3754 rarum

183 3788 277 3860 illud
299 3794 396 3861 uteri
418 3791 550 3861 vitium
567 3813 762 3887 perquam
781 3790 944 3891 dignum
966 3811 1033 3870 est
1050 3799 1096 3872 de
1119 3821 1184 3896 quo

127 3973 132 3985 ,
184 3905 384 4009 scribatur3
402 3914 472 3979 erit
485 3922 610 3981 tamen
623 3909 662 3978 in
675 3909 776 4001 aliis,
792 3925 831 3983 et
839 3908 1002 3989 fortasse
1013 3917 1182 4023 proximis
