2580 4514
180 399 255 446 nm.
284 401 341 446 111.
370 398 906 465 nruora1srrrrms,rr1sr.
933 400 1030 448 xxxi.
1071 374 1137 448 153

127 509 301 609 polypos
319 511 521 598 coalescat3
539 511 609 583 erit
626 511 688 582 ille
701 511 840 583 humor
857 513 974 609 magis
989 511 1035 582 ad
1050 535 1139 582 cou-

128 628 388 700 crescendum
407 619 568 727 pronus,
596 654 717 722 eoque
736 632 852 728 magis
866 630 931 700 ubi
945 624 1139 725 ‘ejusmodi

126 747 304 842 sanguis,
315 747 354 817 in
365 770 497 818 cavum
510 748 773 818 intestinorum
786 762 849 818 aut
862 746 1061 832 exsudans,
1075 759 1140 818 aut

129 858 303 949 effusuS,
316 862 362 934 ad
381 862 488 933 illum
504 887 543 935 se
552 863 748 938 addiderit.
766 867 824 935 Sic
838 865 939 936 enim
956 865 1045 934 dum
1058 888 1139 936 san-

128 979 263 1075 guinis
281 1003 367 1076 pars
385 980 424 1049 in
444 979 517 1052 coli
533 981 700 1052 intestini
721 981 863 1053 cellulis
877 980 1073 1068 restitabit,
1087 1005 1140 1053 se-

128 1095 296 1168 cedente
313 1118 448 1193 aquea,
467 1112 504 1167 et
521 1096 736 1174 subsidente
750 1097 865 1168 rubra
882 1099 1075 1195 portione,
1088 1123 1139 1169 eae

130 1238 220 1310 quae
254 1214 521 1310 relinquentur
553 1216 759 1313 sanguinis,
779 1232 821 1287 ut
849 1229 1003 1299 vocant,
1035 1213 1140 1284 fibrae

128 1327 244 1403 facile
261 1345 442 1428 poterunt
465 1332 504 1402 in
529 1333 789 1404 concretiones
808 1333 1009 1430 polyposas
1034 1354 1139 1401 com·
1218 1412 1221 1417 Δ

130 1447 264 1545 pingi,
290 1473 382 1544 quae.
397 1472 461 1518 sua
480 1448 670 1535 albedine,
691 1465 733 1521 ut
753 1451 862 1521 toties
881 1450 972 1520 olim
996 1450 1035 1518 in
1054 1473 1139 1519 cor-

131 1563 203 1649 de,
234 1579 301 1635 aut
327 1565 421 1636 vasis
439 1563 568 1637 lucum
602 1564 791 1654 fecerunt,
817 1581 854 1638 et
880 1591 950 1664 pro
980 1567 1138 1664 pingue-

130 1680 223 1753 dine
239 1697 407 1780 acceptre
418 1699 526 1778 sunt,
547 1685 596 1754 ita
615 1709 703 1756 mox
716 1710 802 1756 cum
819 1684 1061 1756 recrementis
1074 1683 1138 1754 de-

129 1813 265 1888 trusae,
292 1797 355 1869 hic
380 1824 534 1899 quoque
561 1826 633 1900 pro
657 1801 886 1900 pinguedine
912 1800 1044 1872 haberi
1067 1825 1145 1898 po·-

128 1929 273 1987 terunt.
499 1937 504 1949 ’

186 2033 243 2104 18.
270 2034 457 2108 Alterutra
482 2036 617 2133 igitur,
640 2037 698 2108 vel
724 2051 902 2134 utraque,
923 2036 983 2106 vel
1012 2033 1138 2132 aliqua

129 2151 246 2222 etiam
274 2153 419 2223 ratione
448 2154 518 2224 alia
548 2179 593 2224 ex
610 2154 654 2224 iis
683 2178 776 2251 quas
794 2153 981 2224 ’indicavit
1008 2154 1136 2223 Lanci-

129 2267 210 2340 sius
227 2269 305 2366 (1),
325 2272 464 2367 poterit
483 2294 554 2368 pro
571 2271 673 2345 varia
684 2271 944 2368 aegrotantium
959 2270 1137 2342 constitu·

129 2386 254 2474 tione,
272 2402 310 2459 et
326 2412 397 2485 pro
413 2389 514 2459 varia
530 2387 655 2459 morbi
670 2381 819 2475 natura,
837 2404 873 2460 et
889 2403 1059 2486 tempore
1070 2442 1079 2476 ,
1092 2413 1135 2460 ac

129 2501 220 2576 loco
251 2502 433 2602 denique,
461 2520 498 2577 et
517 2505 632 2576 modo
658 2531 735 2603 quo
762 2507 870 2578 lentae
902 2509 1134 2578 retineantur

132 2619 460 2720 disponanturque
479 2625 658 2706 materiae,
673 2648 751 2694 non
767 2624 887 2694 solum
902 2625 1008 2722 origo
1026 2623 1134 2693 intel-

132 2737 200 2835 ligi
215 2739 414 2836 pinguium
427 2741 600 2826 istorum,
617 2756 657 2811 ut
674 2739 900 2811 videbantur
914 2764 1134 2837 corporum,

129 2853 198 2927 sed
219 2870 258 2926 et
274 2872 547 2943 ramentorum,
568 2858 645 2927 imo
664 2872 701 2929 et
718 2856 914 2954 grandium
933 2882 1015 2953 quae
1031 2857 1133 2954 egeri

129 2972 240 3046 dictae
254 2989 357 3062 sunt,
374 2974 695 3064 membranarum,
706 2974 879 3047 facillime
898 2990 1022 3047 autem
1037 3000 1132 3072 quo-

129 3089 307 3162 rumdam
326 3116 371 3162 ex
392 3091 465 3163 illis
491 3092 570 3166 aliis
594 3093 818 3191 corporibus
837 3118 920 3189 quae
937 3116 1092 3164 carnosa
1110 3117 1130 3162 a

129 3209 240 3281 Celso
257 3223 344 3280 sunt
362 3208 565 3306 appellata,
583 3211 612 3282 si
630 3210 803 3282 videlicet
824 3235 903 3283 non
920 3225 997 3281 tota
1014 3208 1129 3280 rubra

131 3327 324 3423 sanguinis
341 3328 465 3424 portio
486 3328 532 3397 sit
550 3353 595 3399 ex
614 3328 695 3422 ejus
724 3327 818 3400 albis
835 3326 1130 3399 coalescentibus

129 3437 237 3513 fibris
250 3435 433 3539 expressa.
444 3442 553 3515 Unde
571 3445 681 3514 etiam
695 3445 880 3544 intelligas
898 3445 1003 3533 licet,
1016 3469 1128 3541 quam

132 3573 237 3628 caute
267 3559 323 3629 uti
352 3575 522 3657 oporteat
546 3560 608 3631 illa
634 3562 871 3659 Hippocratis
896 3563 950 3659 (a)
975 3559 1129 3659 praedic·

171 3842 214 3918 (ι)
233 3843 311 3899 Diss.
325 3844 362 3898 de
374 3844 453 3917 tripl.
469 3843 568 3900 intest.
583 3847 704 3922 polypo.

172 3940 212 4018 a)
232 3944 263 4002 S.
281 3949 313 4014 4,
330 3937 399 4018 aph.
415 3943 463 3999 26.
