2580 4514
150 313 220 407 704
314 328 360 376 nr
386 326 533 376 sumans
558 328 602 373 rr
627 326 752 377 crusm
776 268 1000 382 fonbonuu

147 448 269 520 soluta
283 445 395 515 etiam
414 456 496 513 uun
511 454 609 513 esset
627 467 636 510 τ
659 442 757 513 sicut
772 458 832 516 est
857 461 997 522 uterus
1015 451 1053 521 in
1073 476 1150 550 pra-

149 561 373 663 gnantibus‚
392 559 573 631 nimirum
582 584 632 631 ne
648 562 678 631 si
693 559 770 633 huc
780 562 876 634 illuc
888 581 995 638 esset
1006 569 1150 668 alligata,

146 707 192 754 eo
210 683 371 780 parietes
395 677 551 751 altered
573 678 732 750 alterum
751 680 942 757 accedere
965 702 1005 759 et
1024 689 1150 760 coales-

146 824 230 873 cere
247 797 553 896 prohiberentur.
568 797 799 894 Requirebat
814 792 1005 893 etfimfflt
1017 809 1151 906 opinor,

145 944 193 991 ne
214 944 293 990 uno
310 918 420 1016 plura
438 918 549 1014 cystis
569 931 692 987 essent
712 941 826 1006 cava,
851 921 1031 1020 alioquin
1053 927 1150 996 coali-

36 1068 40 1074 ·
143 1052 224 1110 tum
243 1036 493 1135 prohibitura.
511 1032 625 1125 Quod
644 1035 789 1106 utinam
805 1036 953 1113 diserte
971 1045 1151 1140 quaesivis-

145 1171 223 1228 set:
242 1180 330 1226 nam
360 1151 534 1240 fortasse,
563 1167 604 1222 ut
630 1153 791 1226 solutam
819 1180 903 1228 esse
937 1163 1150 1256 cystim,ex

146 1276 226 1370 ejus
254 1261 352 1345 sedi's
375 1272 585 1344 mutatione
613 1272 783 1369 corporis
810 1273 909 1346 situs
932 1282 1151 1351 mutationes

144 1391 329 1492 quaslibet
343 1403 524 1489 sequente
541 1388 698 1488 intelligi
719 1388 765 1461 ab
782 1392 971 1467 omnibus
991 1421 1104 1493 posse
1114 1396 1150 1468 fa-

146 1513 216 1584 cile
234 1509 417 1596 credidit,
438 1509 489 1580 sic
502 1507 749 1605 undecystim
767 1534 848 1580 uno
869 1536 956 1584 esse
971 1539 1066 1589 cavo
1081 1541 1148 1586 con·

141 1633 343 1730 jiceremus
354 1684 364 1718 ,
376 1628 588 1700 indicasset.
601 1625 644 1696 ld
653 1614 755 1699 unde
769 1629 911 1725 conjici
925 1649 1062 1730 posset
1070 1635 1147 1704 mihi

145 1748 318 1846 quidem,
337 1761 378 1817 ut
397 1768 509 1842 supra
525 1743 580 1840 (1)
599 1742 697 1832 dixi,
716 1760 874 1817 venerat
898 1748 942 1817 in
971 1767 1146 1836 mentem

145 1866 211 1937 sed
222 1865 268 1936 de
288 1890 333 1935 eo
348 1863 511 1962 amplius
528 1859 773 1959 quaerendum
792 1876 866 1952 est,
884 1880 932 1937 ut
950 1866 1001 1938 de
1018 1867 1093 1939 hoc
1106 1871 1148 1938 in·

144 2008 259 2081 super
287 1980 482 2080 quomodo
502 1980 615 2075 cystis'
634 1979 795 2077 parietes
818 2006 901 2052 non
925 2008 1009 2057 esse
1036 2001 1144 2058 tumo-

143 2102 249 2174 ribus
268 2117 332 2173 aut
350 2097 586 2172 abscessibus
599 2098 769 2187 vitiatos,
787 2099 1080 2198 dignoscamus.
1091 2110 1141 2175 Re·

144 2222 346 2318 quisiverat
368 2233 492 2290 autem
514 2218 553 2286 in
575 2217 706 2313 primis
729 2240 777 2287 ne
802 2231 908 2289 tanta
934 2238 1037 2294 esset
1057 2247 1147 2320 aqua

144 2341 273 2437 copia,
302 2352 345 2410 ut
372 2338 514 2408 viscera
539 2335 649 2406 altius
676 2336 873 2434 compulsa
883 2341 1036 2525 'pimiae
1061 2343 1147 2412 inter

142 2458 274 2554 cystim
288 2472 324 2527 et
340 2453 586 2552 diaphragma
604 2454 877 2551 compressioni
920 2458 1067 2531 uissent
1090 2459 1147 2528 ob·

142 2577 273 2646 noxia:
293 2572 397 2671 quod
419 2588 544 2642 tamen
566 2574 606 2641 in
631 2570 745 2643 vidua
768 2573 831 2643 illa
849 2597 918 2644 sua
939 2579 1081 2648 mirum
1102 2592 1148 2649 est-

141 2720 220 2764 non
238 2692 424 2763 accidisse.
446 2696 588 2762 Verum
606 2688 758 2763 diffietle
775 2706 830 2763 est
849 2693 1035 2768 mulieres
1053 2698 1147 2766 inve-

141 2815 241 2900 nire,
263 2836 345 2909 quae
365 2811 588 2908 prinsquam
610 2833 707 2906 aqua
725 2818 943 2906 'graventur
972 2813 1146 2912 plurima,

140 2954 179 3000 se
205 2929 438 3028 paracentesi
466 2916 687 3022 subjiciant:
706 2927 798 3024 quin
827 2924 906 2998 fere
937 2954 1028 3001 cum
1057 2933 1147 3004 vires

140 3048 300 3147 amplius
321 3070 399 3115 non
417 3059 607 3131 constant,
625 3059 662 3114 et
678 3043 804 3114 vitiata
817 3059 884 3116 aut
898 3061 1005 3120 certe
1023 3045 1147 3120 affecta

141 3181 229 3236 sunt
248 3168 412 3250 viscera,
429 3179 520 3232 tunc
540 3161 694 3232 demum
716 3162 994 3262 quodcumque
1028 3167 1148 3238 auxilii

141 3306 259 3381 genus
276 3278 490 3379 efflagitant.
508 3284 572 3350 Est
590 3293 737 3368 tamen,
760 3280 909 3377 inquis,
932 3285 1145 3383 exemplum

138 3397 283 3470 feminae
301 3396 373 3494 (α),
394 3420 475 3495 quae
494 3421 534 3468 re
550 3420 595 3467 eo
611 3395 815 3495 perducta,
834 3412 877 3468 ut
893 3406 967 3470 vix
983 3407 1076 3472 cutis
1100 3424 1149 3470 os·

136 3519 237 3588 sibus
256 3515 432 3599 haereret,
447 3512 600 3584 tandem
618 3538 723 3611 aquae
743 3514 953 3589 eductione
974 3519 1145 3603 admissa,

178 3800 223 3878 (1)
243 3804 280 3858 N.
304 3799 340 3867 64
358 3799 389 3853 in
407 3796 459 3852 fin.

176 3902 221 3981 (a)
241 3904 318 3978 Eph.
332 3903 369 3960 N.
381 3903 413 3958 C.
429 3907 505 3955 cent.
522 3916 557 3972 9,
571 3897 635 3953 obs.
652 3889 727 3970 roo,
740 3919 770 3954 n.
785 3898 813 3955 ὅ.
