2580 4514
185 419 259 464 mn.
280 417 334 469 ιιι.
363 418 409 468 nu
428 415 563 463 nonnis
582 416 752 476 vinnius,
772 417 882 465 must.
903 418 1039 463 xxxvii.
1068 397 1139 483 483

136 555 227 603 nem
252 502 480 626 presertim,
502 527 665 624 amplius
689 526 789 614 vidi,
808 543 845 599 et
867 531 1061 627 superiore
1082 557 1143 605 ex·

135 661 263 721 tremo
287 660 389 716 recta
408 647 446 719 iu
469 659 722 726 transversum
749 643 864 733 linea,
884 670 962 717 non
982 648 1143 745 augule,

137 764 397 861 terminatum
412 763 505 833 Cum
524 787 605 834 eam
627 762 770 833 omenti
790 778 934 859 partem
951 790 1032 860 quae
1054 792 1144 837 ven*

136 880 278 955 triculo
296 879 430 955 adnata
448 895 523 968 est,
543 880 744 977 diligenter
768 881 1040 979 inspectarem,
1071 888 1145 957 ani-

136 998 358 1091 madventia
378 998 535 1071 sinistris
549 996 651 1068 haud
669 998 803 1095 procul
823 997 869 1069 ab
886 999 1001 1095 hujus
1011 982 1143 1093 fundo,

136 1115 326 1219 glandulae
340 1117 477 1203 instar,
496 1115 673 1213 exiguum
695 1116 896 1213 quemdam
922 1116 1077 1205 lienem,
1096 1120 1144 1203 ab

138 1249 321 1323 omento,
342 1235 381 1308 in
405 1257 483 1330 quo
508 1248 607 1325 erat,
634 1231 845 1330 sanguifera
873 1236 1021 1307 vascula
1049 1239 1145 1309 acci·

137 1353 333 1455 pientem‚
353 1351 478 1429 colore
495 1404 504 1438 ‚
525 1353 669 1440 tunica,
687 1349 900 1427 substantiae
918 1353 1057 1438 modo,
1075 1356 1147 1439 nisi

138 1469 247 1568 quod
277 1468 355 1541 haee
380 1483 458 1540 erat
486 1468 600 1569 paulo
630 1467 847 1559 humidior,
872 1469 980 1552 lienis
1008 1471 1147 1543 similli-

138 1612 271 1675 mum,
289 1611 333 1657 ea
348 1602 486 1687 nutem¹¹
499 1583 617 1684 ligura
636 1601 672 1657 et
691 1585 971 1685 magnitudine,
997 1603 1037 1659 ut
1059 1613 1145 1670 cum

138 1704 345 1779 mediocris
364 1688 509 1802 gallinae
526 1703 655 1802 splene
673 1718 799 1803 posset
817 1707 1036 1803 comparari.
1054 1711 1147 1779 Prae·

137 1838 202 1895 ter
225 1821 329 1896 hunc
358 1845 436 1894 non
463 1819 591 1893 deerat
615 1821 709 1900 alter
741 1822 814 1893 lien
849 1847 983 1909 sanus,
1008 1839 1044 1897 et
1068 1828 1147 1897 sani

138 1941 286 2041 pariter
317 1939 463 2037 hepatis
496 1939 747 2037 magnitudini
778 1941 1030 2038 respondens,
1064 1969 1148 2040 quae

135 2059 242 2161 justa
260 2072 362 2144 erat,
379 2057 437 2129 vel
457 2057 583 2154 potius
598 2057 711 2157 paulo
727 2058 863 2131 minor.
880 2063 922 2129 In
939 2057 1046 2136 fellea
1056 2061 1149 2156 cysti

141 2199 233 2246 cnm
251 2199 366 2272 pauca
377 2189 414 2245 et
432 2172 571 2245 viscida
583 2174 658 2244 bile
675 2174 809 2244 calculi
826 2177 974 2246 inerant
989 2201 1053 2248 sex
1064 2203 1149 2274 sep-

141 2282 272 2367 temve
290 2317 368 2369 non
387 2293 532 2388 exigui,
552 2315 716 2391 quorum
741 2292 924 2364 maximus
950 2293 1149 2366 mediocris

142 2434 228 2491 uvae
249 2410 357 2491 acino
386 2408 488 2491 haud
514 2410 641 2479 minor
670 2405 761 2494 fuit,
791 2405 867 2479 fere
900 2409 1148 2499 subrotnndl,

143 2527 324 2627 iuaequali
341 2541 467 2601 tamen
494 2526 600 2623 quasi
617 2525 664 2597 ab
681 2524 958 2599 adherentibus
985 2528 1150 2601 minimis

142 2644 230 2717 aliis
243 2643 449 2747 superficie.
474 2645 510 2714 Si
527 2645 743 2716 tenuissima
755 2643 923 2742 qnaedam
937 2659 1078 2740 puncta
1090 2669 1150 2717 ex-

145 2762 265 2863 cipias
283 2760 441 2837 sub-flavi
458 2760 596 2835 coloris
615 2738 682 2859 pe⁰r
706 2760 804 2868 hanc
822 2761 998 2857 disjecta,
1019 2786 1150 2835 omnes

145 2880 252 2951 intus
272 2894 449 2976 extraque
479 2879 667 2977 pernigri,
686 2904 758 2950 nec
779 2878 904 2950 colore
925 2878 1061 2964 m0d0‚
1086 2879 1152 2963 sed
1195 2944 1202 2979 3

144 2999 231 3097 ipsa
250 3023 403 3094 quoque
420 2996 628 3081 substantia
646 2996 850 3069 carbonem
870 2995 1084 3069 referentes.
1107 2998 1153 3079 Hi
1193 2971 1225 3068 's

146 3127 351 3215 postquam
372 3114 498 3185 siccati
521 3128 633 3198 sunt,
651 3137 719 3210 per
738 3139 776 3186 se
800 3114 971 3212 plerique
996 3114 1035 3185 in
1057 3110 1153 3212 frag-

146 3231 255 3312 mina
267 3230 452 3303 abierunt.
475 3234 592 3303 Antea
612 3246 737 3302 autem
752 3233 819 3302 etsi
834 3230 933 3318 leves
954 3255 1032 3303 esse
1048 3231 1153 3311 vide·

146 3347 311 3435 bantur,
339 3349 404 3445 qui
432 3348 469 3417 in
495 3373 630 3446 aquam
660 3349 820 3443 conjecti
854 3362 962 3434 sunt,
994 3348 1154 3430 fundum
1185 3353 1186 3356 ’

147 3465 336 3539 continuo
364 3467 574 3562 petierunt:
601 3465 781 3562 quivero
812 3464 859 3539 ad
880 3464 1068 3543 flammam
1087 3465 1155 3543 ad-

148 3583 271 3670 moti,
294 3607 419 3681 aeque
439 3582 537 3654 hanc
558 3583 636 3653 ullo
660 3582 774 3653 modo
794 3598 1072 3680 conceperunt,
1090 3609 1156 3655 ne·

149 3725 229 3799 que
252 3700 329 3770 ulla
356 3702 399 3771 ei
424 3714 528 3797 parte
554 3700 689 3796 liquari
716 3714 934 3801 potuerunt.
966 3701 1157 3770 lllinorum

148 3840 256 3908 unus
282 3817 358 3886 illic
386 3814 506 3887 lueret
532 3816 597 3886 ubi
616 3840 654 3888 se
672 3810 832 3895 vfflcula
848 3819 886 3884 in
906 3816 1062 3897 ductum
1080 3818 1158 3910 jam

150 3933 368 4023 contrahit3
383 3958 508 4034 neque
530 3949 656 4004 tamen
670 3934 755 4042 bilis
767 3911 931 4030 egressui
953 3931 1159 4023 obstiterat,

951 4049 1016 4128 31*
