2580 4514
107 397 177 444 nin.
198 395 254 443 111.
282 395 328 442 ur
348 392 484 442 nonnis
498 390 667 457 vaurms,
692 394 803 442 misr.
825 396 960 443 xxxvu.
988 377 1059 472 497

12 512 15 521 '
57 508 186 582 adeas
201 533 248 580 cx
265 522 370 607 parte
390 509 589 578 attinentes
606 531 689 603 quae
709 531 821 605 supra
840 507 894 606 (ι)
915 511 1060 584 anobis

56 626 232 698 indicatae
251 639 360 712 sunt,
375 624 543 722 lapidum
558 624 638 695 sine
652 625 769 699 ictero
791 626 831 696 in
859 628 951 723 cysti
969 652 1062 700 con-

57 758 253 815 cretorum
267 797 278 831 ‚
293 767 415 838 eoque
428 742 582 812 nomine
596 740 799 839 productas
819 743 857 812 in
881 746 1062 842 epistolal

55 861 280 933 Anatomica
292 857 384 959 (a),
402 860 432 931 si
445 857 546 957 apud
563 874 754 930 auctorem
772 860 895 957 ipsum
914 865 1060 958 potius,

56 1000 177 1076 quam
193 976 294 1076 apud
309 975 509 1048 Riolanum
525 975 650 1074 legere
661 976 862 1074 potuisset3
879 976 977 1049 illius
990 1004 1063 1051 ma·

57 1094 192 1168 luisset
215 1094 361 1181 verbis,
393 1117 506 1191 quam
530 1091 662 1188 hujus,
689 1095 762 1181 uti,
790 1094 857 1189 qui
881 1098 1063 1167 memoria

57 1211 207 1310 lapsus,
224 1210 345 1283 tribus
357 1215 397 1282 in
413 1209 583 1282 versibus
596 1211 666 1281 tria
680 1210 807 1282 retulit
821 1234 906 1281 cum
924 1213 968 1283 iis
981 1238 1063 1310 quae

56 1328 230 1401 Andreas
259 1328 486 1416 tradiderat,
514 1352 593 1398 non
624 1328 881 1426 congruentia.
912 1327 984 1400 Sed
1002 1328 1065 1401 his

57 1446 203 1534 missis,
219 1446 265 1517 ad
285 1445 356 1518 alia
374 1469 586 1543 pergamus.

110 1561 170 1636 35.
197 1568 291 1635 Cum
311 1586 422 1661 supra
440 1561 498 1658 (3)
512 1585 649 1660 genera
667 1577 832 1658 quatuor
855 1586 1064 1661 proposue-

57 1682 135 1755 rim
151 1705 367 1771 causarum,
394 1704 652 1766 communem,
666 1695 730 1751 aut
744 1677 959 1777 hepaticum
975 1681 1063 1754 bilis
1119 1658 1134 1667 ’

59 1799 211 1873 canales
224 1798 534 1898 impedientium,
551 1800 665 1870 trium
683 1813 809 1869 autem
826 1798 1063 1871 solummodo

59 1917 232 2015 exempla
249 1916 494 2015 protulerim;
509 1917 655 1987 miraris
668 1900 822 1987 fortasse
837 1939 906 1987 cur
919 1919 1064 2013 quarti,

57 2034 101 2107 id
120 2049 177 2108 est
192 2034 469 2107 constrictionis
487 2033 639 2105 illorum
659 2033 800 2105 nullam
817 2032 1065 2130 produxerim

60 2151 375 2226 observationem.
394 2151 465 2224 Sed
485 2151 613 2221 mirari
632 2149 779 2222 desines
799 2148 866 2221 ubi
886 2148 953 2221 has
968 2151 1064 2224 litte-

58 2268 236 2342 rasadeo
253 2267 416 2367 prolixas
428 2266 656 2364 relegendo,
675 2263 731 2354 id,
748 2280 929 2363 quantum
944 2266 1065 2357 licuit,
1168 2258 1175 2277 ⁸

58 2399 173 2459 antea
189 2384 259 2482 (Δ)
274 2381 411 2458 factum
429 2408 498 2483 per
513 2382 682 2480 exempla
697 2381 851 2479 quidem
869 2408 915 2455 ex
931 2384 1066 2481 Sepul-

59 2502 196 2577 chreto
208 2502 386 2592 indicata,
399 2497 840 2591 animadverterisQuod
851 2500 881 2571 si
890 2499 960 2570 alia
970 2498 1067 2574 forte

59 2619 215 2693 aliunde
228 2622 384 2719 quaeris,
405 2621 558 2690 minime
586 2616 732 2690 desunt.
758 2615 906 2689 Illustre
932 2632 989 2688 cst
1015 2617 1067 2690 ob

59 2739 152 2837 aegri
165 2762 365 2836 personam
386 2735 488 2835 quod
509 2735 555 2808 de
575 2734 722 2806 Andrea
742 2739 992 2822 Manroceno,
1016 2758 1068 2806 se·

59 2870 212 2945 aratore,
234 2870 271 2927 et
293 2854 474 2927 historico
497 2868 634 2925 veneto
656 2851 905 2939 nobilissimo,
933 2850 1068 2934 doctus
1156 2888 1162 2894 ·

61 2974 147 3070 ejus
171 2972 340 3045 medicus
368 2969 519 3043 tradidit
546 2964 719 3041 Aurelius
743 2967 954 3039 Palazzolus
977 2972 990 3058 (
1003 2967 1068 3062 5);

61 3091 174 3164 icteri
194 3092 301 3162 enim.
322 3115 400 3189 quo
425 3094 684 3160 Maurocenus.
698 3083 891 3158 confectus
909 3100 986 3174 est,
1012 3087 1067 3156 in·

104 3828 149 3912 (5)
171 3831 248 3887 Vide
261 3830 294 3886 in
304 3828 415 3886 Adnot.
433 3847 450 3883 a
464 3827 576 3883 cathar.
591 3827 672 3885 Zmo
688 3824 797 3884 additis
815 3825 855 3880 ad
873 3822 966 3880 vitam
981 3823 1072 3898 hujus

62 3931 243 3994 Maurooeni
254 3931 292 3987 ab
304 3929 370 3987 Nic.
384 3930 491 3985 Crasso
503 3925 654 4002 scriptam.

144 4035 180 4118 4.
859 4018 902 4093 32
