2580 4514
172 418 246 466 mn.
270 393 325 465 nr.
356 417 405 468 uu
425 416 559 483 neruus
577 417 746 480 vaurms,
772 416 882 464 rrrsr.
912 418 1033 464 xxx1v.
1063 395 1134 491 309

121 533 340 604 intestinis:
361 530 465 601 nulla
482 545 608 600 tamen
624 528 764 599 volvuli
778 546 962 600 memorat
978 531 1136 620 indicia3

122 651 205 720 imo
225 649 353 720 alvum
370 673 478 718 suum
499 648 667 743 officium
683 648 820 737 fecisse
840 645 1012 734 adnotat,
1029 654 1137 717 nimi-

124 792 212 837 rum
233 766 414 863 quianon
428 788 584 861 prorsus
599 788 743 834 omnem
759 768 866 834 uiam
881 765 1137 861 susceptiones

126 883 407 953 obstruxerant.
430 880 550 976 Multo
570 905 724 976 quoque
741 880 972 976 longiorem,
994 883 1136 978 quippe

126 999 229 1071 ultra
248 996 384 1096 pedem
404 999 691 1097 geometricum,
708 990 833 1092 ‘jejuni
860 998 1028 1068 intestini
1049 1023 1138 1095 por·

127 1117 277 1187 tionem
301 1117 339 1185 in
357 1117 568 1213 proximam
588 1115 645 1185 sui
666 1129 809 1211 partem
831 1129 868 1184 et
886 1114 1079 1211 illapsam,
1101 1129 1138 1186 et

127 1234 289 1304 multum
305 1233 611 1304 ibicoarctatam
629 1246 666 1302 et
683 1256 948 1330 compressam,
971 1247 1007 1303 et
1024 1232 1137 1305 livido

129 1350 418 1422 coloretetram
439 1351 582 1422 invenit
607 1355 663 1419 Jo.
686 1349 782 1421 Guil.
807 1349 1057 1421 Widmannus
1080 1350 1138 1447 (1)

128 1483 218 1566 post
246 1467 398 1539 dolores
427 1467 579 1564 quidem
618 1465 880 1538 acerbissimos
909 1483 945 1539 et
974 1466 1138 1539 vomitus

128 1584 209 1659 sere
227 1586 448 1672 continuos,
464 1609 535 1655 nec
554 1599 680 1654 tamen
698 1581 849 1656 faecibus
869 1585 1140 1672 similium,ne-

129 1729 209 1802 que
230 1729 316 1775 cum
339 1704 433 1790 alvi,
457 1702 561 1798 quod
581 1703 671 1788 aiat',
693 1707 958 1800 suppressione
973 1729 982 1791 ;
1000 1727 1138 1800 nempe

123 1823 221 1918 quia
239 1819 368 1917 illapsa
388 1844 430 1890 ea
448 1820 599 1917 portin,
620 1820 790 1917 quamvis
807 1834 985 1916 anguste,
1007 1820 1139 1891 etiam-

122 1952 212 2010 tum
224 1943 357 2034 pervia
372 1953 521 2034 reperta
540 1951 605 2008 est.
622 1941 756 2033 Itaque
775 1936 896 2007 multo
916 1938 1033 2034 magis
1052 1961 1140 2033 per-

129 2055 211 2125 vias
228 2053 337 2125 binas
352 2054 433 2125 illas
448 2055 728 2154 susceptiones,
759 2078 836 2124 non
857 2055 973 2125 modo
990 2054 1138 2125 brevio-

128 2196 192 2243 res
233 2171 433 2267 minusque
467 2177 700 2270 compressas
739 2169 851 2243 fuisse
890 2171 1138 2258 crediderim,

130 2313 228 2387 quas
244 2289 284 2357 in
305 2288 379 2358 ileo
398 2289 577 2360 intestino
601 2313 687 2358 cum
713 2289 915 2385 incipiente
940 2312 1139 2386 gangraena

130 2403 293 2478 offendit
308 2407 366 2476 vir
382 2405 426 2476 cl.
446 2411 500 2476 Jo.
525 2405 617 2476 Rod.
647 2408 854 2505 Zuingerus
874 2403 947 2501 (a),
970 2405 1139 2502 alioquin
1221 2396 1224 2400 ’

129 2538 242 2599 notas
261 2523 425 2620 aliquas,
446 2525 475 2596 si
499 2525 795 2621 praecessissent,
815 2524 928 2593 iliacae
954 2524 1139 2619 passionis

130 2666 214 2714 non
235 2642 462 2714 emissurus:
487 2656 760 2716 contraautem
775 2642 901 2744 minus
918 2642 1063 2735 pervias
1081 2656 1140 2711 to-

131 2761 252 2832 tidem
267 2757 380 2831 fuisse
395 2785 490 2856 quas
507 2760 646 2831 ibidem
666 2761 806 2856 reperit
825 2756 1051 2829 Valentinus
1062 2755 1140 2853 (3),

133 2877 267 2952 eadem
288 2902 371 2973 quae
384 2875 634 2949 Widmannus
652 2878 756 2975 signa
772 2872 957 2960 referens,
975 2898 1046 2944 nec
1069 2874 1139 2944 du-

132 2993 258 3075 bitans
274 2996 366 3092 quin
385 3009 595 3086 stercoreus
613 2997 798 3082 vomitus,
827 2993 858 3063 si
874 2990 1013 3062 diutius
1029 2992 1140 3064 vixis-

135 3127 190 3185 set
206 3112 376 3210 puellus,
394 3137 611 3185 accessurus
624 3110 753 3184 fuisset
775 3140 783 3180 :
809 3135 923 3208 quem
942 3112 1139 3182 accessisse

135 3229 174 3299 in
193 3231 313 3300 altero
330 3230 538 3327 intelligeS,
550 3230 740 3327 descripto
761 3228 807 3300 ab
820 3225 1049 3298 Hoffmanno
1065 3226 1140 3323 (lt),

138 3347 375 3444 susceptione
394 3372 476 3443 quae
498 3348 536 3417 in
557 3348 690 3419 eodem
707 3347 886 3419 intestino
907 3361 1005 3435 erat,
1027 3344 1140 3417 simul
1179 3442 1184 3450 ι

190 3684 202 3720 1
240 3666 380 3722 Earumd.
396 3678 474 3723 cent.
495 3666 532 3736 6,
551 3668 616 3723 obs.
633 3665 681 3740 89.

240 3766 381 3822 Earumd.
396 3777 516 3840 cent.,7,
534 3765 599 3821 obs.
617 3767 665 3823 83.

176 3662 187 3738 l

178 3761 221 3840 (²)

179 3861 222 3939 (3)
241 3865 382 3922 Earumd.
400 3878 476 3922 cent.
497 3866 513 3922 3
524 3906 534 3938 ,
551 3866 616 3922 obs.
636 3885 660 3920 1.
681 3938 683 3943 Ι

180 3958 222 4039 (l)
243 3963 352 4022 Medic.
365 3976 421 4024 rat.
435 3976 506 4024 tom.
520 3973 555 4038 d,
568 3985 598 4040 p.
614 3984 645 4036 a,
662 3985 685 4021 s.
703 3984 735 4035 2,
752 3984 778 4021 e.
796 3970 827 4033 4,
841 3962 904 4017 obs.
919 3967 948 4027 4.
