<?xml version="1.0" encoding="UTF-8"?>
<!DOCTYPE html PUBLIC "-//W3C//DTD XHTML 1.0 Transitional//EN"
    "http://www.w3.org/TR/xhtml1/DTD/xhtml1-transitional.dtd">
<html xmlns="http://www.w3.org/1999/xhtml" xml:lang="en" lang="en">
 <head>
  <title>
</title>
<meta http-equiv="Content-Type" content="text/html;charset=utf-8" />
  <meta name='ocr-system' content='tesseract 3.04.00' />
  <meta name='ocr-capabilities' content='ocr_page ocr_carea ocr_par ocr_line ocrx_word'/>
</head>
<body>
  <div class='ocr_page' id='page_1' title='image "./desedibusetcaus00adelgoog_0658.png"; bbox 0 0 2580 4514; ppageno 0'>
   <div class='ocr_carea' id='block_1_1' title="bbox 473 256 481 292">
    <p class='ocr_par' dir='ltr' id='par_1_1' title="bbox 473 256 481 292">
     <span class='ocr_line' id='line_1_1' title="bbox 473 256 481 292; baseline 0 0"><span class='ocrx_word' id='word_1_1' title='bbox 473 256 481 292; x_wconf 78' lang='grc'>1</span> 
     </span>
    </p>
   </div>
   <div class='ocr_carea' id='block_1_2' title="bbox 184 364 1258 464">
    <p class='ocr_par' dir='ltr' id='par_1_2' title="bbox 184 364 1258 464">
     <span class='ocr_line' id='line_1_2' title="bbox 184 364 1258 464; baseline -0.007 -16"><span class='ocrx_word' id='word_1_2' title='bbox 184 400 252 450; x_wconf 80' lang='lat' dir='ltr'><strong>mr.</strong></span> <span class='ocrx_word' id='word_1_3' title='bbox 272 402 328 449; x_wconf 89' lang='lat'>111.</span> <span class='ocrx_word' id='word_1_4' title='bbox 348 403 395 449; x_wconf 79' lang='lat' dir='ltr'><strong>nn</strong></span> <span class='ocrx_word' id='word_1_5' title='bbox 414 401 550 448; x_wconf 80' lang='lat' dir='ltr'><strong>noams</strong></span> <span class='ocrx_word' id='word_1_6' title='bbox 563 364 728 464; x_wconf 79' lang='lat' dir='ltr'><strong>vrnrms,</strong></span> <span class='ocrx_word' id='word_1_7' title='bbox 752 400 862 448; x_wconf 78' lang='lat' dir='ltr'><strong>nrrsr.</strong></span> <span class='ocrx_word' id='word_1_8' title='bbox 884 364 1034 445; x_wconf 76' lang='lat' dir='ltr'><strong>xxxinr.</strong></span> <span class='ocrx_word' id='word_1_9' title='bbox 1053 367 1134 444; x_wconf 77' lang='grc'><em>’665</em></span> <span class='ocrx_word' id='word_1_10' title='bbox 1254 390 1258 403; x_wconf 71' lang='grc'><strong>“</strong></span> 
     </span>
    </p>
   </div>
   <div class='ocr_carea' id='block_1_3' title="bbox 87 508 1211 3420">
    <p class='ocr_par' dir='ltr' id='par_1_3' title="bbox 87 508 1211 2715">
     <span class='ocr_line' id='line_1_3' title="bbox 137 508 1137 609; baseline -0.003 -27"><span class='ocrx_word' id='word_1_11' title='bbox 137 528 317 609; x_wconf 83' lang='lat' dir='ltr'>urgeant,</span> <span class='ocrx_word' id='word_1_12' title='bbox 335 528 371 584; x_wconf 90' lang='lat' dir='ltr'><strong>et</strong></span> <span class='ocrx_word' id='word_1_13' title='bbox 389 513 436 583; x_wconf 92' lang='lat' dir='ltr'><strong>ad</strong></span> <span class='ocrx_word' id='word_1_14' title='bbox 454 512 627 585; x_wconf 85' lang='lat' dir='ltr'>thoraces</span> <span class='ocrx_word' id='word_1_15' title='bbox 642 512 726 583; x_wconf 80' lang='lat' dir='ltr'><strong>illos</strong></span> <span class='ocrx_word' id='word_1_16' title='bbox 739 512 964 608; x_wconf 89' lang='lat' dir='ltr'><strong>apprimant.</strong></span> <span class='ocrx_word' id='word_1_17' title='bbox 979 509 1090 600; x_wconf 91' lang='lat' dir='ltr'><strong>Quod</strong></span> <span class='ocrx_word' id='word_1_18' title='bbox 1107 508 1137 580; x_wconf 92' lang='lat' dir='ltr'><strong>si</strong></span> 
     </span>
     <span class='ocr_line' id='line_1_4' title="bbox 138 626 1211 729; baseline -0.003 -30"><span class='ocrx_word' id='word_1_19' title='bbox 138 654 218 700; x_wconf 92' lang='lat' dir='ltr'><strong>non</strong></span> <span class='ocrx_word' id='word_1_20' title='bbox 235 646 434 728; x_wconf 88' lang='lat' dir='ltr'><strong>propterea</strong></span> <span class='ocrx_word' id='word_1_21' title='bbox 447 630 600 729; x_wconf 85' lang='lat' dir='ltr'>lympha</span> <span class='ocrx_word' id='word_1_22' title='bbox 620 645 684 700; x_wconf 89' lang='lat' dir='ltr'><strong>aut</strong></span> <span class='ocrx_word' id='word_1_23' title='bbox 702 654 825 701; x_wconf 86' lang='lat' dir='ltr'><strong>serum</strong></span> <span class='ocrx_word' id='word_1_24' title='bbox 850 653 891 699; x_wconf 92' lang='lat' dir='ltr'><strong>ea</strong></span> <span class='ocrx_word' id='word_1_25' title='bbox 909 646 1019 725; x_wconf 70' lang='lat' dir='ltr'><strong>quam</strong></span> <span class='ocrx_word' id='word_1_26' title='bbox 1037 626 1135 697; x_wconf 89' lang='lat' dir='ltr'><strong>indi·</strong></span> <span class='ocrx_word' id='word_1_27' title='bbox 1208 639 1211 645; x_wconf 84' lang='lat'>&#39;</span> 
     </span>
     <span class='ocr_line' id='line_1_5' title="bbox 137 740 1137 844; baseline -0.002 -28"><span class='ocrx_word' id='word_1_28' title='bbox 137 749 303 821; x_wconf 87' lang='lat' dir='ltr'><strong>cavimus</strong></span> <span class='ocrx_word' id='word_1_29' title='bbox 312 748 367 844; x_wconf 76' lang='grc' dir='ltr'><strong>(ι)</strong></span> <span class='ocrx_word' id='word_1_30' title='bbox 380 751 525 820; x_wconf 87' lang='lat' dir='ltr'><strong>ratione</strong></span> <span class='ocrx_word' id='word_1_31' title='bbox 539 740 669 821; x_wconf 73' lang='lat' dir='ltr'><strong>ideam</strong></span> <span class='ocrx_word' id='word_1_32' title='bbox 682 745 1002 844; x_wconf 82' lang='lat' dir='ltr'><strong>intercapedinem</strong></span> <span class='ocrx_word' id='word_1_33' title='bbox 1017 740 1137 816; x_wconf 86' lang='lat' dir='ltr'><strong>effun-</strong></span> 
     </span>
     <span class='ocr_line' id='line_1_6' title="bbox 138 849 1136 964; baseline -0.004 -30"><span class='ocrx_word' id='word_1_34' title='bbox 138 862 299 935; x_wconf 91' lang='lat' dir='ltr'><strong>daturin</strong></span> <span class='ocrx_word' id='word_1_35' title='bbox 318 866 362 938; x_wconf 91' lang='lat' dir='ltr'><strong>iis</strong></span> <span class='ocrx_word' id='word_1_36' title='bbox 376 866 613 964; x_wconf 86' lang='lat' dir='ltr'><strong>potissimum</strong></span> <span class='ocrx_word' id='word_1_37' title='bbox 631 886 790 962; x_wconf 87' lang='lat' dir='ltr'><strong>quarum</strong></span> <span class='ocrx_word' id='word_1_38' title='bbox 807 863 929 935; x_wconf 74' lang='lat' dir='ltr'><strong>fluidas</strong></span> <span class='ocrx_word' id='word_1_39' title='bbox 944 878 1007 933; x_wconf 89' lang='lat' dir='ltr'><strong>aut</strong></span> <span class='ocrx_word' id='word_1_40' title='bbox 1021 849 1136 957; x_wconf 77' lang='lat' dir='ltr'><strong>firmae</strong></span> 
     </span>
     <span class='ocr_line' id='line_1_7' title="bbox 136 978 1136 1080; baseline -0.004 -29"><span class='ocrx_word' id='word_1_41' title='bbox 136 997 264 1078; x_wconf 89' lang='lat' dir='ltr'><strong>partes</strong></span> <span class='ocrx_word' id='word_1_42' title='bbox 281 982 327 1052; x_wconf 90' lang='lat' dir='ltr'><strong>ad</strong></span> <span class='ocrx_word' id='word_1_43' title='bbox 348 982 386 1052; x_wconf 91' lang='lat' dir='ltr'><strong>id</strong></span> <span class='ocrx_word' id='word_1_44' title='bbox 404 1008 480 1080; x_wconf 86' lang='lat' dir='ltr'><strong>prae</strong></span> <span class='ocrx_word' id='word_1_45' title='bbox 502 983 641 1054; x_wconf 85' lang='lat' dir='ltr'><strong>caeteris</strong></span> <span class='ocrx_word' id='word_1_46' title='bbox 668 984 742 1054; x_wconf 92' lang='lat' dir='ltr'><strong>sint</strong></span> <span class='ocrx_word' id='word_1_47' title='bbox 758 980 966 1078; x_wconf 80' lang='lat' dir='ltr'><strong>dispositae3</strong></span> <span class='ocrx_word' id='word_1_48' title='bbox 988 994 1024 1050; x_wconf 91' lang='lat' dir='ltr'><strong>at</strong></span> <span class='ocrx_word' id='word_1_49' title='bbox 1040 978 1136 1049; x_wconf 89' lang='lat' dir='ltr'><strong>acci-</strong></span> 
     </span>
     <span class='ocr_line' id='line_1_8' title="bbox 137 1095 1137 1197; baseline -0.002 -31"><span class='ocrx_word' id='word_1_50' title='bbox 137 1095 229 1168; x_wconf 88' lang='lat' dir='ltr'><strong>dere</strong></span> <span class='ocrx_word' id='word_1_51' title='bbox 247 1098 378 1171; x_wconf 90' lang='lat' dir='ltr'><strong>iisdem</strong></span> <span class='ocrx_word' id='word_1_52' title='bbox 393 1114 517 1197; x_wconf 88' lang='lat' dir='ltr'><strong>potest</strong></span> <span class='ocrx_word' id='word_1_53' title='bbox 532 1099 782 1171; x_wconf 80' lang='lat' dir='ltr'><strong>utretardatae</strong></span> <span class='ocrx_word' id='word_1_54' title='bbox 799 1097 960 1196; x_wconf 79' lang='lat' dir='ltr'><strong>lymphae</strong></span> <span class='ocrx_word' id='word_1_55' title='bbox 977 1110 1040 1166; x_wconf 90' lang='lat' dir='ltr'><strong>aut</strong></span> <span class='ocrx_word' id='word_1_56' title='bbox 1055 1119 1137 1165; x_wconf 89' lang='lat' dir='ltr'><strong>san·</strong></span> 
     </span>
     <span class='ocr_line' id='line_1_9' title="bbox 138 1205 1138 1314; baseline -0.001 -31"><span class='ocrx_word' id='word_1_57' title='bbox 138 1215 262 1311; x_wconf 89' lang='lat' dir='ltr'><strong>guinis</strong></span> <span class='ocrx_word' id='word_1_58' title='bbox 283 1240 368 1312; x_wconf 89' lang='lat' dir='ltr'><strong>pars</strong></span> <span class='ocrx_word' id='word_1_59' title='bbox 385 1216 509 1314; x_wconf 91' lang='lat' dir='ltr'><strong>aliqua</strong></span> <span class='ocrx_word' id='word_1_60' title='bbox 532 1216 636 1287; x_wconf 90' lang='lat' dir='ltr'><strong>initia</strong></span> <span class='ocrx_word' id='word_1_61' title='bbox 660 1216 714 1287; x_wconf 91' lang='lat' dir='ltr'><strong>ibi</strong></span> <span class='ocrx_word' id='word_1_62' title='bbox 730 1205 904 1288; x_wconf 82' lang='lat' dir='ltr'><strong>efformet</strong></span> <span class='ocrx_word' id='word_1_63' title='bbox 927 1228 1138 1300; x_wconf 90' lang='lat' dir='ltr'><strong>tumorum,</strong></span> 
     </span>
     <span class='ocr_line' id='line_1_10' title="bbox 138 1330 1209 1431; baseline -0.002 -30"><span class='ocrx_word' id='word_1_64' title='bbox 138 1331 207 1425; x_wconf 92' lang='lat' dir='ltr'><strong>qui</strong></span> <span class='ocrx_word' id='word_1_65' title='bbox 220 1330 334 1429; x_wconf 91' lang='lat' dir='ltr'><strong>longo</strong></span> <span class='ocrx_word' id='word_1_66' title='bbox 348 1348 432 1429; x_wconf 88' lang='lat' dir='ltr'><strong>post</strong></span> <span class='ocrx_word' id='word_1_67' title='bbox 451 1349 621 1431; x_wconf 90' lang='lat' dir='ltr'><strong>tempore</strong></span> <span class='ocrx_word' id='word_1_68' title='bbox 640 1334 760 1422; x_wconf 85' lang='lat' dir='ltr'><strong>aucti,</strong></span> <span class='ocrx_word' id='word_1_69' title='bbox 780 1334 832 1404; x_wconf 90' lang='lat' dir='ltr'><strong>sic</strong></span> <span class='ocrx_word' id='word_1_70' title='bbox 849 1331 1097 1431; x_wconf 84' lang='lat' dir='ltr'><strong>peritonaeum</strong></span> <span class='ocrx_word' id='word_1_71' title='bbox 1116 1352 1137 1400; x_wconf 90' lang='lat' dir='ltr'><strong>a</strong></span> <span class='ocrx_word' id='word_1_72' title='bbox 1207 1374 1209 1378; x_wconf 30' lang='grc' dir='ltr'><strong><em>ι</em></strong></span> 
     </span>
     <span class='ocr_line' id='line_1_11' title="bbox 137 1448 1136 1548; baseline 0.001 -33"><span class='ocrx_word' id='word_1_73' title='bbox 137 1448 317 1520; x_wconf 91' lang='lat' dir='ltr'><strong>musculis</strong></span> <span class='ocrx_word' id='word_1_74' title='bbox 330 1449 525 1539; x_wconf 79' lang='lat' dir='ltr'>diducant,</span> <span class='ocrx_word' id='word_1_75' title='bbox 544 1450 736 1522; x_wconf 74' lang='lat' dir='ltr'><strong>ut&#39;avulsae</strong></span> <span class='ocrx_word' id='word_1_76' title='bbox 755 1450 1006 1548; x_wconf 75' lang='lat' dir='ltr'><strong>disruptaque</strong></span> <span class='ocrx_word' id='word_1_77' title='bbox 1029 1469 1136 1517; x_wconf 85' lang='lat' dir='ltr'><strong>vaso·</strong></span> 
     </span>
     <span class='ocr_line' id='line_1_12' title="bbox 137 1561 1137 1665; baseline 0.003 -33"><span class='ocrx_word' id='word_1_78' title='bbox 137 1587 223 1633; x_wconf 92' lang='lat' dir='ltr'><strong>rum</strong></span> <span class='ocrx_word' id='word_1_79' title='bbox 245 1564 405 1664; x_wconf 83' lang='lat' dir='ltr'><strong>lymphae</strong></span> <span class='ocrx_word' id='word_1_80' title='bbox 421 1568 646 1665; x_wconf 83' lang='lat' dir='ltr'><strong>propagines</strong></span> <span class='ocrx_word' id='word_1_81' title='bbox 663 1592 751 1640; x_wconf 92' lang='lat' dir='ltr'><strong>eum</strong></span> <span class='ocrx_word' id='word_1_82' title='bbox 769 1565 980 1664; x_wconf 86' lang='lat' dir='ltr'><strong>hydropem</strong></span> <span class='ocrx_word' id='word_1_83' title='bbox 1000 1561 1137 1635; x_wconf 87' lang='lat' dir='ltr'><strong>faciant</strong></span> 
     </span>
     <span class='ocr_line' id='line_1_13' title="bbox 138 1676 1137 1780; baseline 0.003 -30"><span class='ocrx_word' id='word_1_84' title='bbox 138 1705 254 1776; x_wconf 91' lang='lat' dir='ltr'><strong>quem</strong></span> <span class='ocrx_word' id='word_1_85' title='bbox 269 1707 388 1780; x_wconf 86' lang='lat' dir='ltr'><strong>perse</strong></span> <span class='ocrx_word' id='word_1_86' title='bbox 402 1686 620 1756; x_wconf 86' lang='lat' dir='ltr'><strong>constrictio</strong></span> <span class='ocrx_word' id='word_1_87' title='bbox 634 1709 715 1755; x_wconf 89' lang='lat' dir='ltr'><strong>non</strong></span> <span class='ocrx_word' id='word_1_88' title='bbox 734 1682 928 1771; x_wconf 85' lang='lat' dir='ltr'><strong>effecerat,</strong></span> <span class='ocrx_word' id='word_1_89' title='bbox 946 1676 1137 1776; x_wconf 87' lang='lat' dir='ltr'><strong>iidemque</strong></span> 
     </span>
     <span class='ocr_line' id='line_1_14' title="bbox 137 1780 1138 1899; baseline 0.002 -33"><span class='ocrx_word' id='word_1_90' title='bbox 137 1795 186 1867; x_wconf 90' lang='lat' dir='ltr'><strong>ad</strong></span> <span class='ocrx_word' id='word_1_91' title='bbox 206 1802 516 1896; x_wconf 87' lang='lat' dir='ltr'><strong>suppurationem</strong></span> <span class='ocrx_word' id='word_1_92' title='bbox 536 1801 689 1872; x_wconf 89' lang='lat' dir='ltr'><strong>demum</strong></span> <span class='ocrx_word' id='word_1_93' title='bbox 707 1799 903 1899; x_wconf 85' lang='lat' dir='ltr'><strong>perducti,</strong></span> <span class='ocrx_word' id='word_1_94' title='bbox 925 1780 1138 1897; x_wconf 77' lang='lat' dir='ltr'><strong>purulentis</strong></span> 
     </span>
     <span class='ocr_line' id='line_1_15' title="bbox 138 1911 1138 2018; baseline 0.003 -37"><span class='ocrx_word' id='word_1_95' title='bbox 138 1911 333 1987; x_wconf 91' lang='lat' dir='ltr'><strong>ichoribus</strong></span> <span class='ocrx_word' id='word_1_96' title='bbox 348 1917 559 2018; x_wconf 86' lang='lat' dir='ltr'><strong>hydropem</strong></span> <span class='ocrx_word' id='word_1_97' title='bbox 576 1934 746 2018; x_wconf 87' lang='lat' dir='ltr'><strong>augeant.</strong></span> <span class='ocrx_word' id='word_1_98' title='bbox 775 1922 849 1990; x_wconf 88' lang='lat' dir='ltr'><strong>Eos</strong></span> <span class='ocrx_word' id='word_1_99' title='bbox 878 1941 948 2015; x_wconf 88' lang='lat' dir='ltr'><strong>ego</strong></span> <span class='ocrx_word' id='word_1_100' title='bbox 970 1932 1138 1987; x_wconf 89' lang='lat' dir='ltr'><strong>tumores</strong></span> 
     </span>
     <span class='ocr_line' id='line_1_16' title="bbox 140 2033 1139 2133; baseline 0.004 -35"><span class='ocrx_word' id='word_1_101' title='bbox 140 2052 277 2126; x_wconf 83' lang='lat' dir='ltr'><strong>parvos</strong></span> <span class='ocrx_word' id='word_1_102' title='bbox 293 2033 414 2106; x_wconf 88' lang='lat' dir='ltr'><strong>adhuc</strong></span> <span class='ocrx_word' id='word_1_103' title='bbox 440 2052 554 2133; x_wconf 87' lang='lat' dir='ltr'><strong>atque</strong></span> <span class='ocrx_word' id='word_1_104' title='bbox 567 2036 751 2132; x_wconf 63' lang='lat' dir='ltr'><strong>‚disjectos</strong></span> <span class='ocrx_word' id='word_1_105' title='bbox 773 2037 812 2105; x_wconf 92' lang='lat' dir='ltr'><strong>in</strong></span> <span class='ocrx_word' id='word_1_106' title='bbox 831 2050 1002 2105; x_wconf 87' lang='lat' dir='ltr'><strong>matrona</strong></span> <span class='ocrx_word' id='word_1_107' title='bbox 1025 2055 1139 2128; x_wconf 89' lang='lat' dir='ltr'><strong>gene-</strong></span> 
     </span>
     <span class='ocr_line' id='line_1_17' title="bbox 138 2148 1140 2248; baseline 0.004 -34"><span class='ocrx_word' id='word_1_108' title='bbox 138 2148 346 2237; x_wconf 90' lang='lat' dir='ltr'><strong>rosissima,</strong></span> <span class='ocrx_word' id='word_1_109' title='bbox 360 2176 472 2247; x_wconf 89' lang='lat' dir='ltr'><strong>qoam</strong></span> <span class='ocrx_word' id='word_1_110' title='bbox 489 2177 510 2222; x_wconf 91' lang='lat' dir='ltr'><strong>a</strong></span> <span class='ocrx_word' id='word_1_111' title='bbox 522 2151 682 2248; x_wconf 88' lang='lat' dir='ltr'><strong>puellari</strong></span> <span class='ocrx_word' id='word_1_112' title='bbox 697 2176 818 2246; x_wconf 89' lang='lat' dir='ltr'><strong>usque</strong></span> <span class='ocrx_word' id='word_1_113' title='bbox 832 2166 935 2221; x_wconf 84' lang='lat' dir='ltr'><strong>aetate</strong></span> <span class='ocrx_word' id='word_1_114' title='bbox 953 2174 997 2220; x_wconf 91' lang='lat' dir='ltr'><strong>eo</strong></span> <span class='ocrx_word' id='word_1_115' title='bbox 1008 2149 1140 2219; x_wconf 89' lang='lat' dir='ltr'><strong>arctio·</strong></span> 
     </span>
     <span class='ocr_line' id='line_1_18' title="bbox 139 2259 1138 2362; baseline 0.006 -32"><span class='ocrx_word' id='word_1_116' title='bbox 139 2259 246 2333; x_wconf 87' lang='lat' dir='ltr'><strong>ribus</strong></span> <span class='ocrx_word' id='word_1_117' title='bbox 274 2279 310 2335; x_wconf 87' lang='lat' dir='ltr'><strong>et</strong></span> <span class='ocrx_word' id='word_1_118' title='bbox 336 2265 576 2361; x_wconf 85' lang='lat' dir='ltr'><strong>rigidioribus</strong></span> <span class='ocrx_word' id='word_1_119' title='bbox 601 2266 818 2339; x_wconf 86' lang='lat' dir='ltr'><strong>thoracibus</strong></span> <span class='ocrx_word' id='word_1_120' title='bbox 841 2268 897 2337; x_wconf 91' lang='lat' dir='ltr'><strong>uti</strong></span> <span class='ocrx_word' id='word_1_121' title='bbox 917 2279 1138 2362; x_wconf 85' lang='lat' dir='ltr'><strong>coegerant,</strong></span> 
     </span>
     <span class='ocr_line' id='line_1_19' title="bbox 140 2381 1139 2477; baseline 0.006 -30"><span class='ocrx_word' id='word_1_122' title='bbox 140 2403 219 2474; x_wconf 92' lang='lat' dir='ltr'><strong>quo</strong></span> <span class='ocrx_word' id='word_1_123' title='bbox 236 2382 354 2477; x_wconf 88' lang='lat' dir='ltr'><strong>magis</strong></span> <span class='ocrx_word' id='word_1_124' title='bbox 373 2407 421 2452; x_wconf 89' lang='lat' dir='ltr'><strong>ne</strong></span> <span class='ocrx_word' id='word_1_125' title='bbox 439 2382 595 2454; x_wconf 87' lang='lat' dir='ltr'><strong>distorta</strong></span> <span class='ocrx_word' id='word_1_126' title='bbox 616 2382 741 2470; x_wconf 88' lang='lat' dir='ltr'><strong>fieret,</strong></span> <span class='ocrx_word' id='word_1_127' title='bbox 765 2381 1001 2477; x_wconf 80' lang='lat' dir='ltr'><strong>metuebant,</strong></span> <span class='ocrx_word' id='word_1_128' title='bbox 1023 2405 1139 2453; x_wconf 89' lang='lat' dir='ltr'><strong>manu</strong></span> 
     </span>
     <span class='ocr_line' id='line_1_20' title="bbox 87 2485 1137 2600; baseline 0.001 -33"><span class='ocrx_word' id='word_1_129' title='bbox 87 2485 96 2501; x_wconf 49' lang='lat'>‘</span> <span class='ocrx_word' id='word_1_130' title='bbox 140 2497 382 2594; x_wconf 88' lang='lat' dir='ltr'><strong>epigastrium</strong></span> <span class='ocrx_word' id='word_1_131' title='bbox 402 2500 653 2598; x_wconf 88' lang='lat' dir='ltr'><strong>explorando,</strong></span> <span class='ocrx_word' id='word_1_132' title='bbox 671 2502 845 2600; x_wconf 89' lang='lat' dir='ltr'><strong>percepi,</strong></span> <span class='ocrx_word' id='word_1_133' title='bbox 866 2515 978 2598; x_wconf 85' lang='lat' dir='ltr'><strong>atque</strong></span> <span class='ocrx_word' id='word_1_134' title='bbox 996 2496 1137 2570; x_wconf 91' lang='lat' dir='ltr'><strong>uttho-</strong></span> 
     </span>
     <span class='ocr_line' id='line_1_21' title="bbox 139 2613 1118 2715; baseline 0.002 -32"><span class='ocrx_word' id='word_1_135' title='bbox 139 2613 291 2687; x_wconf 89' lang='lat' dir='ltr'><strong>racihus</strong></span> <span class='ocrx_word' id='word_1_136' title='bbox 306 2617 386 2688; x_wconf 92' lang='lat' dir='ltr'><strong>aliis</strong></span> <span class='ocrx_word' id='word_1_137' title='bbox 405 2617 586 2715; x_wconf 90' lang='lat' dir='ltr'><strong>aliterque</strong></span> <span class='ocrx_word' id='word_1_138' title='bbox 601 2634 787 2707; x_wconf 88' lang='lat' dir='ltr'><strong>uteretur,</strong></span> <span class='ocrx_word' id='word_1_139' title='bbox 806 2620 988 2689; x_wconf 90' lang='lat' dir='ltr'><strong>continuo</strong></span> <span class='ocrx_word' id='word_1_140' title='bbox 1012 2617 1118 2711; x_wconf 74' lang='lat' dir='ltr'><strong>suasi.</strong></span> 
     </span>
    </p>

    <p class='ocr_par' dir='ltr' id='par_1_4' title="bbox 130 2730 1141 3420">
     <span class='ocr_line' id='line_1_22' title="bbox 192 2730 1138 2833; baseline 0.005 -32"><span class='ocrx_word' id='word_1_141' title='bbox 192 2730 310 2802; x_wconf 92' lang='lat' dir='ltr'><strong>lidem</strong></span> <span class='ocrx_word' id='word_1_142' title='bbox 328 2751 451 2805; x_wconf 90' lang='lat' dir='ltr'><strong>antem</strong></span> <span class='ocrx_word' id='word_1_143' title='bbox 468 2752 654 2826; x_wconf 88' lang='lat' dir='ltr'><strong>tumores,</strong></span> <span class='ocrx_word' id='word_1_144' title='bbox 671 2737 748 2832; x_wconf 91' lang='lat' dir='ltr'><strong>jam</strong></span> <span class='ocrx_word' id='word_1_145' title='bbox 767 2731 1044 2833; x_wconf 21' lang='lat' dir='ltr'><strong>grandes-facti,</strong></span> <span class='ocrx_word' id='word_1_146' title='bbox 1065 2759 1138 2830; x_wconf 89' lang='lat' dir='ltr'><strong>qua</strong></span> 
     </span>
     <span class='ocr_line' id='line_1_23' title="bbox 143 2847 1140 2950; baseline 0.005 -34"><span class='ocrx_word' id='word_1_147' title='bbox 143 2849 183 2916; x_wconf 94' lang='lat' dir='ltr'><strong>in</strong></span> <span class='ocrx_word' id='word_1_148' title='bbox 202 2847 415 2925; x_wconf 89' lang='lat' dir='ltr'><strong>abdominis</strong></span> <span class='ocrx_word' id='word_1_149' title='bbox 433 2856 586 2950; x_wconf 86' lang='lat' dir='ltr'><strong>regione</strong></span> <span class='ocrx_word' id='word_1_150' title='bbox 605 2869 728 2926; x_wconf 91' lang='lat' dir='ltr'><strong>essent</strong></span> <span class='ocrx_word' id='word_1_151' title='bbox 753 2854 913 2925; x_wconf 88' lang='lat' dir='ltr'><strong>duarum</strong></span> <span class='ocrx_word' id='word_1_152' title='bbox 939 2850 1140 2924; x_wconf 90' lang='lat' dir='ltr'><strong>mulierum</strong></span> 
     </span>
     <span class='ocr_line' id='line_1_24' title="bbox 143 2967 1139 3069; baseline 0.006 -35"><span class='ocrx_word' id='word_1_153' title='bbox 143 2989 303 3064; x_wconf 88' lang='lat' dir='ltr'><strong>quarum</strong></span> <span class='ocrx_word' id='word_1_154' title='bbox 317 2970 517 3040; x_wconf 88' lang='lat' dir='ltr'><strong>novissime</strong></span> <span class='ocrx_word' id='word_1_155' title='bbox 531 2971 713 3069; x_wconf 85' lang='lat' dir='ltr'><strong>proposui</strong></span> <span class='ocrx_word' id='word_1_156' title='bbox 734 2971 907 3043; x_wconf 87' lang='lat' dir='ltr'><strong>historias</strong></span> <span class='ocrx_word' id='word_1_157' title='bbox 924 2971 994 3065; x_wconf 79' lang='lat' dir='ltr'><strong>(a),</strong></span> <span class='ocrx_word' id='word_1_158' title='bbox 1012 2967 1139 3040; x_wconf 89' lang='lat' dir='ltr'><strong>videre</strong></span> 
     </span>
     <span class='ocr_line' id='line_1_25' title="bbox 130 3085 1140 3186; baseline 0.007 -35"><span class='ocrx_word' id='word_1_159' title='bbox 130 3085 309 3184; x_wconf 85' lang='lat' dir='ltr'><strong>potuisti.</strong></span> <span class='ocrx_word' id='word_1_160' title='bbox 320 3088 397 3157; x_wconf 93' lang='lat' dir='ltr'><strong>Nec</strong></span> <span class='ocrx_word' id='word_1_161' title='bbox 414 3089 557 3158; x_wconf 89' lang='lat' dir='ltr'><strong>veroin</strong></span> <span class='ocrx_word' id='word_1_162' title='bbox 575 3089 646 3159; x_wconf 90' lang='lat' dir='ltr'><strong>alia</strong></span> <span class='ocrx_word' id='word_1_163' title='bbox 659 3089 812 3186; x_wconf 88' lang='lat' dir='ltr'><strong>regione</strong></span> <span class='ocrx_word' id='word_1_164' title='bbox 827 3104 995 3158; x_wconf 87' lang='lat' dir='ltr'><strong>tumores</strong></span> <span class='ocrx_word' id='word_1_165' title='bbox 1014 3101 1140 3177; x_wconf 87' lang='lat' dir='ltr'><strong>erant,</strong></span> 
     </span>
     <span class='ocr_line' id='line_1_26' title="bbox 143 3200 1139 3302; baseline 0.004 -31"><span class='ocrx_word' id='word_1_166' title='bbox 143 3200 220 3271; x_wconf 85' lang='lat' dir='ltr'><strong>sive</strong></span> <span class='ocrx_word' id='word_1_167' title='bbox 239 3200 432 3276; x_wconf 89' lang='lat' dir='ltr'><strong>abscessus</strong></span> <span class='ocrx_word' id='word_1_168' title='bbox 448 3207 604 3276; x_wconf 90' lang='lat' dir='ltr'><strong>omnino</strong></span> <span class='ocrx_word' id='word_1_169' title='bbox 623 3231 686 3277; x_wconf 85' lang='lat' dir='ltr'><strong>sex</strong></span> <span class='ocrx_word' id='word_1_170' title='bbox 705 3229 801 3302; x_wconf 87' lang='lat' dir='ltr'><strong>quos</strong></span> <span class='ocrx_word' id='word_1_171' title='bbox 813 3204 1139 3302; x_wconf 79' lang='lat' dir='ltr'><strong>Larrbius(3),nec</strong></span> 
     </span>
     <span class='ocr_line' id='line_1_27' title="bbox 144 3318 1141 3420; baseline 0.007 -35"><span class='ocrx_word' id='word_1_172' title='bbox 144 3318 267 3412; x_wconf 86' lang='lat' dir='ltr'><strong>major</strong></span> <span class='ocrx_word' id='word_1_173' title='bbox 282 3318 328 3389; x_wconf 87' lang='lat' dir='ltr'><strong>de</strong></span> <span class='ocrx_word' id='word_1_174' title='bbox 347 3337 509 3418; x_wconf 90' lang='lat' dir='ltr'><strong>quatuor</strong></span> <span class='ocrx_word' id='word_1_175' title='bbox 528 3323 624 3413; x_wconf 85' lang='lat' dir='ltr'><strong>illis,</strong></span> <span class='ocrx_word' id='word_1_176' title='bbox 650 3347 746 3420; x_wconf 70' lang='lat' dir='ltr'><strong>quos</strong></span> <span class='ocrx_word' id='word_1_177' title='bbox 762 3322 946 3413; x_wconf 89' lang='lat' dir='ltr'><strong>Mothius,</strong></span> <span class='ocrx_word' id='word_1_178' title='bbox 971 3339 1012 3394; x_wconf 92' lang='lat' dir='ltr'><strong>ut</strong></span> <span class='ocrx_word' id='word_1_179' title='bbox 1033 3347 1141 3418; x_wconf 88' lang='lat' dir='ltr'><strong>supe·</strong></span> 
     </span>
    </p>
   </div>
   <div class='ocr_carea' id='block_1_4' title="bbox 0 0 1298 4514">
    <p class='ocr_par' dir='ltr' id='par_1_5' title="bbox 0 0 1298 4514">
     <span class='ocr_line' id='line_1_28' title="bbox 0 0 1298 4514; baseline 0 0"><span class='ocrx_word' id='word_1_180' title='bbox 0 0 1298 4514; x_wconf 95' lang='lat' dir='ltr'><strong> </strong></span> 
     </span>
    </p>
   </div>
  </div>
 </body>
</html>
