2654 4508
184 374 251 420 mo.
279 374 336 422 ιιι.
364 375 411 421 ns
429 372 565 421 uonms
582 372 751 436 vnnrnts,
776 373 888 422 erusr.
908 375 1035 421 xxxm.
1065 356 1133 440 adt

136 487 312 585 inquam,
328 501 392 559 aut
407 511 535 558 veram
555 484 804 582 quarumdam
825 512 951 559 rerum
973 503 1038 560 eut
1056 498 1136 562 veis.
1221 482 1224 486 ⁴

137 620 219 676 suto
237 604 445 677 simulatam
457 604 664 686 inscitiam,
684 619 726 674 ut
738 604 775 674 in
792 606 896 702 epist.
916 604 1137 704 anatom.(1)
1171 633 1173 636 ’

136 720 239 792 haud
253 722 359 793 aliter
376 721 439 792 illa
456 721 513 795 uti
532 719 736 807 voluerim,
756 722 827 795 nisi
843 719 1040 795 refellendi
1053 747 1138 820 gra-

137 839 189 909 tia
209 863 276 936 per
299 841 439 936 ipsam,
466 855 506 908 ut
536 827 763 933 loquuntur,
789 837 844 908 ad
866 838 1051 910 hominem
1072 841 1139 937 qui
1175 937 1177 940 1

138 955 239 1026 illam
257 955 493 1051 objecerant;
514 955 544 1027 si
572 951 667 1026 forte
686 956 799 1053 igitur
823 955 893 1025 hac
919 980 1074 1053 quoqne
1098 957 1162 1042 ιη’

139 1096 181 1142 re
197 1088 369 1170 suspecta
389 1087 503 1158 esset,
522 1071 680 1142 alterum
700 1097 778 1142 non
798 1069 975 1144 defuisset
1000 1075 1139 1144 instru-
1163 1066 1164 1071 ¹

140 1204 327 1277 mentum,
345 1189 479 1285 quoda
491 1189 659 1260 Valsalva
676 1206 806 1260 nostro
823 1189 989 1261 videram
1002 1191 1041 1260 in
1052 1208 1142 1290 quo-

140 1305 226 1376 dam
257 1308 415 1379 consilio
444 1308 655 1378 memorari.
684 1307 829 1379 Scilicet
862 1332 947 1403 cum
974 1334 1070 1407 aeger
1093 1309 1141 1382 ad

141 1425 423 1496 exonerandum
449 1440 619 1508 ventrem
652 1426 779 1496 sellam
807 1441 973 1524 peteret,
1005 1443 1141 1525 praesto

116 1531 117 1537 ἵ
140 1557 235 1614 esset
249 1541 592 1641 hujusoperculum
607 1545 646 1613 in
665 1543 788 1615 medio
802 1537 1054 1642 perforatum,
1067 1545 1140 1618 ibi·
1195 1613 1199 1624 ,

141 1685 214 1757 que
231 1656 388 1731 fiimiter
405 1659 498 1731 tubo
519 1662 742 1733 instructum
760 1660 962 1758 plumbe0‚
981 1688 1141 1735 ceraex·
1207 1646 1211 1663 “

141 1777 257 1853 terius
280 1792 316 1850 et
345 1759 393 1848 in*
408 1803 553 1850 summa
572 1803 637 1849 ora
656 1767 888 1868 circumlito,
913 1805 990 1851 non
1010 1780 1144 1853 latiore

141 1893 287 1983 duabus
315 1889 433 1967 tertiis
464 1885 586 1967 unciae'
609 1898 856 1970 Bononiensis
888 1898 1079 1996 partibus,
1105 1915 1145 1974 et

140 2010 256 2110 longo
277 2013 431 2109 quidem
451 2015 581 2085 uncias
601 2016 748 2085 circiter
769 2014 882 2105 duas,
904 2015 1067 2088 sednon
1086 2016 1143 2089 ul·

141 2143 198 2200 tra
220 2131 450 2202 semunciam
477 2132 574 2203 intra
596 2131 770 2228 podicem
789 2132 1044 2222 admittendo,
1070 2159 1143 2207 nec

141 2247 222 2322 sine
241 2249 340 2320 cauti
361 2248 529 2347 chirurgi
553 2274 646 2347 ope,
667 2275 751 2320 cum
771 2253 891 2348 prima
910 2251 989 2347 ejus
1008 2249 1144 2325 fierent

141 2347 415 2461 experimenta,
431 2382 473 2438 ut
501 2369 531 2438 si
559 2365 714 2438 feliciter
733 2367 930 2454 cederent,
959 2393 1084 2468 neque
1102 2371 1144 2440 in

140 2481 223 2553 tubi
236 2482 536 2556 dimensionibus
551 2485 693 2581 aliquid
711 2501 805 2557 esset
823 2487 1044 2559 variandum
1052 2444 1143 2575 ,isac

141 2601 288 2671 ratione
301 2602 385 2697 ejici
402 2617 640 2695 excrementa
657 2619 830 2700 possent,
848 2628 918 2675 nec
938 2619 1066 2676 tamen
1085 2606 1145 2675 in-

140 2719 316 2790 testinum
332 2715 458 2792 emitti.
471 2725 517 2791 At
531 2722 560 2792 si
570 2736 747 2793 neutrum
758 2719 1051 2793 instrumentum
1065 2724 1145 2820 spei

141 2835 414 2934 respondisset,
440 2838 616 2938 intelligis
644 2841 744 2910 enim
768 2839 828 2911 vel
854 2865 899 2910 ex
926 2841 970 2911 iis
995 2843 1149 2939 quaeviu
1236 2922 1239 2927 ¹

140 2954 307 3026 Consilio
326 2957 532 3053 attigimus,
559 2983 641 3054 quae
670 2982 775 3028 noxae
801 2973 973 3055 possent,
1002 2957 1145 3030 nedum
1171 2951 1177 2976 ⁸

140 3096 223 3168 quae
254 3057 430 3144 molestiae
457 3075 648 3146 interdum
677 3103 722 3147 ex
748 3075 935 3172 ejusmodi
965 3076 1146 3174 presidiis

140 3191 317 3276 existere3
336 3192 405 3262 alia
422 3209 528 3264 erant
555 3209 730 3290 praeterea
756 3219 838 3290 quae
863 3210 1017 3292 possent
1034 3218 1147 3266 exco-

58 3352 60 3357 -
141 3310 259 3407 gitari.
271 3308 386 3382 Vides
397 3313 496 3382 enim
509 3366 519 3397 ,
533 3299 694 3408 exempli
709 3305 840 3399 causa,
858 3312 1005 3410 qualem
1022 3313 1146 3386 clarus

141 3429 287 3499 Bassius
304 3427 358 3523 (2)
379 3431 565 3502 invenerit
582 3430 788 3516 annulum,
808 3433 875 3527 qui
890 3425 1149 3522 nullums'oeci-

140 3545 206 3615 bus
222 3546 412 3642 egerendis
421 3572 572 3646 pomus
582 3547 834 3635 obstaculum,
851 3545 976 3637 facile,
989 3553 1041 3619 uti
1057 3551 1148 3620 scri-

181 3823 227 3900 (1)
251 3823 285 3882 15
302 3845 333 3880 n.
349 3826 398 3882 68.

177 3920 223 3999 (ι)
244 3927 315 3983 Deo.
334 3945 366 3997 1,
382 3926 448 3983 obs.
464 3933 490 3994 4.

206 4028 240 4112 ι.
