2580 4514
178 361 249 447 334
341 385 387 429 nr
415 383 563 432 sumnus
588 386 631 431 rr
656 384 780 434 causis
806 386 1017 436 moruorum

174 497 269 568 forte
276 490 507 569 retinuisset:
521 524 603 595 quae
614 522 690 585 res,
703 514 739 571 et
751 500 1007 597 quarumdam
1020 503 1137 574 aliarum

173 640 257 711 quae
277 616 406 711 saepius
424 613 632 712 significant
651 641 824 705 vermes,
849 633 1028 689 notarum
1045 619 1139 692 absen·

172 737 237 818 tia,
255 727 439 801 faciebant
456 757 503 801 ne
520 755 540 800 a
555 730 749 803 lumbricis
764 732 876 806 dolor
891 758 975 808 esse
992 738 1142 808 existina-

172 865 293 933 retur,
315 851 463 921 tametsi·
479 874 598 920 unum
613 866 766 922 teretem
787 850 1003 949 longiorem
1019 854 1143 925 nudius·

174 969 303 1038 tertius
313 991 378 1037 ore
390 967 566 1062 ejecisset.
581 971 774 1039 Postremo
784 969 957 1065 quaedam
971 994 1018 1041 ex
1029 972 1144 1042 alimen

171 1086 217 1156 tis
231 1085 343 1181 coepit
353 1085 514 1154 retinere
524 1102 538 1170 ,·
548 1099 660 1180 atque
677 1084 771 1155 adeo
783 1086 989 1182 prandium
1007 1111 1144 1184 quoque.

173 1208 286 1274 Genae
296 1201 500 1286 rubebant,
511 1201 613 1297 quod
624 1204 703 1300 ipse
716 1227 762 1272 ex
772 1202 1035 1285 defluxionem
1046 1203 1146 1276 facien

173 1347 251 1395 esse
267 1320 403 1408 aiebat,
426 1319 668 1391 cuividelicet
681 1336 759 1392 erat
778 1319 992 1409 obnoxiuS,
1018 1322 1146 1396 sitiebat.

171 1438 367 1510 Abdomen
383 1438 600 1507 universum
614 1436 819 1509 distentum
838 1452 927 1509 erat.
943 1441 1087 1530 Quinto
1095 1442 1148 1536 jan

173 1555 233 1625 die
249 1579 293 1625 ex
306 1579 383 1650 quo
400 1554 439 1623 in
454 1555 676 1624 nosocomio
692 1577 772 1626 esse
786 1571 976 1653 coeperat,
991 1556 1148 1629 allocutus

172 1697 276 1753 sum,
293 1687 334 1741 ut
345 1670 530 1759 solebam,
549 1673 645 1742 circa
658 1670 792 1742 horam
807 1674 910 1761 xit,
925 1673 1148 1747 brumaenin

170 1788 466 1873 instabat,ann0
484 1789 585 1888 1703.
603 1789 820 1860 meliuscule
842 1814 880 1863 se
899 1790 1045 1865 habere
1063 1793 1148 1864 dixit:

171 1906 287 2003 idque
305 1904 553 1977 confirmabat
569 1907 714 1994 vultus,
735 1922 771 1977 et
784 1910 973 1982 sermonis
991 1911 1149 1994 alacrius,

171 2040 208 2096 et
226 2021 388 2110 firmior,
412 2040 453 2095 ut
479 2026 519 2093 in
537 2024 710 2111 sedente,
736 2025 907 2123 corporis
933 2018 1066 2125 vigor3
1086 2048 1149 2096 nan

171 2143 301 2241 pulsus
327 2168 452 2239 neque
479 2168 647 2238 unquam
670 2142 905 2232 habuerant,
931 2168 1062 2243 neque
1083 2159 1150 2216 tunc

170 2259 364 2331 habebant
391 2260 496 2356 quod
516 2260 763 2358 displiceret:
796 2256 911 2332 febris
940 2278 1046 2334 certe
1071 2258 1150 2332 mdia

170 2394 263 2450 tunc
280 2393 378 2464 erat,
399 2402 525 2474 neque
546 2402 712 2474 unquam
728 2392 808 2449 toto
834 2402 878 2448 eo
899 2392 1149 2478 temporeque

168 2498 207 2566 in
227 2499 448 2568 nosocomio
463 2493 547 2583 fuit,
565 2519 585 2564 a
600 2490 812 2591 quoquam,
833 2496 905 2566 nisi
918 2494 1022 2569 forte
1039 2492 1150 2579 semel,

168 2617 292 2712 potuit
320 2615 574 2684 animadverti.
607 2617 703 2684 Cum
730 2613 808 2683 hacc
832 2614 881 2684 ita
909 2632 1062 2704 essent,
1086 2612 1151 2712 quis
1188 2666 1190 2707 ,

168 2748 258 2803 tunc
272 2733 443 2803 crederet
461 2745 645 2827 quantum
664 2733 823 2802 monstri
837 2731 956 2803 aleret
969 2733 987 2803 Ρ
1000 2710 1152 2808 Attamen
1188 2742 1190 2791 :

166 2850 248 2922 duae
262 2852 322 2920 vix
337 2864 443 2920 erant
457 2847 559 2918 horae
574 2874 619 2919 er
636 2874 714 2946 quo
734 2849 786 2922 sic
802 2873 888 2946 ege,
908 2864 946 2921 et
964 2851 1089 2922 caeteri
1104 2844 1154 2945 qui

165 2966 394 3050 invisebant,
424 2965 581 3038 studiosi
596 2967 772 3062 juvenes,
786 2981 833 3037 ·et
855 2967 928 3035 viri
951 2967 1155 3040 observave-

165 3109 317 3171 ramus-,
334 3109 420 3154 cum
442 3098 599 3181 repente
616 3108 692 3181 prae
708 3083 850 3155 doloris
869 3084 1078 3157 acerbitate
1096 3082 1154 3155 cla·
1186 3116 1189 3125 ·

166 3227 268 3276 mare
282 3204 412 3298 coepit,
431 3200 546 3297 idque
561 3200 707 3272 assidue
725 3203 772 3273 ad
790 3226 932 3271 nonam
947 3226 1070 3300 usque
1083 3222 1154 3272 noc·

165 3319 211 3390 tis
231 3318 375 3389 horam.
390 3321 545 3389 Vomuit
563 3322 724 3407 interea,
743 3334 780 3390 et
805 3318 852 3390 ad
873 3342 1074 3418 vesperam
1091 3320 1151 3416 jam

156 3420 296 3535 'pulsus
325 3435 397 3507 sibi
419 3461 497 3507 non
518 3436 679 3534 amplius
695 3438 837 3534 percipi
856 3436 1079 3527 admonuit3
1097 3454 1152 3515 nte

164 3577 295 3625 revera
309 3552 356 3625 ab
373 3553 418 3625 iis
443 3555 510 3651 qui
526 3554 703 3641 aderant,
728 3554 898 3651 percepti
920 3569 1024 3626 sunt.
1039 3553 1152 3627 Uhi'et

164 3678 279 3769 quam
293 3670 388 3755 diri,
403 3671 498 3742 hora
510 3669 601 3760 fuit,
618 3674 815 3744 continere
827 3695 866 3744 se
879 3696 962 3743 non
974 3669 1151 3773 possead,

163 3792 291 3889 quine
308 3789 446 3861 lectulo
461 3789 508 3859 ad
527 3790 653 3861 alvum
669 3789 951 3861 exonerandam
970 3785 1150 3864 descende

160 3922 229 3980 ret.
245 3912 345 3978 Dum
359 3922 556 3995 exonerat,
570 3909 697 3980 animo
710 3909 917 4006 linquitur,
933 3908 1149 4008 sicqueintn

104 4008 108 4013 ¹
162 4023 390 4098 semihoram
405 4025 574 4098 moritur.
