2580 4514
98 410 175 464 mm.
197 411 252 463 111.
281 384 331 464 rm
351 416 486 464 moreris
503 415 672 481 rrrrms,
691 418 801 466 rrrsr.
822 377 958 476 xxxva}
986 386 1058 482 [225

54 544 121 606 aut
140 517 276 616 Graafii
306 533 361 629 (ι)
391 533 670 606 observationes
696 536 851 636 mireris.
869 535 936 607 Ille
957 535 1059 607 enim

49 657 276 749 pituitosum
302 667 340 721 et
364 653 662 746 eacochymieum
690 649 838 739 scribit,
876 652 1060 723 interdum

54 773 175 839 etiam
188 774 346 838 icteritia
354 775 461 840 annis
475 769 622 866 aliquot
638 769 878 856 laboravisse,
892 767 1060 842 Graafius

54 901 186 976 autem
199 885 344 957 icterici
359 885 474 958 bilem
496 885 608 958 fuisse
618 886 736 984 plane
752 912 915 960 serosam
931 903 968 957 et
983 903 1060 971 tem

56 999 134 1072 levi
128 1001 323 1097 stavedine
336 1000 532 1104 inbutam,
548 1019 590 1074 ut
605 1008 765 1074 immissa
786 1009 823 1073 in
842 1028 926 1075 eam
947 1001 1062 1075 lintea

55 1125 124 1188 via:
138 1117 219 1188 ulla
223 1118 419 1215 flavedr'ne
434 1126 668 1216 tingerentur.
683 1119 794 1211 Quod
812 1146 902 1192 vero
917 1120 963 1191 ad
982 1122 1062 1216 ejus
1170 1175 1172 1183 .

22 1302 33 1323 ,
54 1236 247 1323 materiae,
267 1237 373 1332 cujus
398 1236 445 1308 de
465 1252 597 1308 natura
615 1238 712 1325 dixi,
736 1239 883 1335 copiam
903 1239 1034 1309 attinet
1051 1264 1061 1326 3

53 1353 201 1424 mirum
218 1370 357 1452 quanta
373 1355 450 1426 haec
468 1379 546 1427 esse
566 1357 604 1424 in
626 1355 851 1453 quibusdam
867 1369 1007 1452 potest,
1033 1356 1063 1427 si

57 1470 110 1543 a'd
135 1495 217 1543 eam
237 1494 349 1568 quam
373 1473 498 1544 nativa
524 1474 694 1571 corperis
714 1474 954 1559 constitutio,
973 1472 1063 1542 anni

58 1602 233 1687 tempus,
268 1589 343 1662 cibi
373 1591 575 1688 potiones,
602 1591 745 1688 aliaque
788 1587 1065 1686 ejusdemmodi

59 1705 102 1776 in
115 1729 236 1779 unum
253 1700 348 1797 sorte
360 1708 633 1796 conveniend0‚
648 1707 979 1795 accumulaverint,
996 1707 1066 1779 alia

58 1822 220 1920 insuper
225 1823 399 1913 accedat,
416 1841 458 1896 ut
472 1823 652 1915 sifebris,
667 1827 698 1898 si
710 1806 982 1917 immoderatus
995 1823 1064 1898 sub

59 1939 143 2040 sole
161 1955 299 2030 motus,
317 1942 347 2014 si
360 1967 545 2015 venenum
557 1998 567 2032 ,
580 1945 691 2015 etiam
703 1970 724 2015 a
734 1943 931 2015 mordente
946 1942 1065 2014 bestia

59 2058 290 2149 immissum,
306 2060 336 2132 si
346 2058 511 2159 denique
524 2060 709 2157 ejusmodi
726 2062 829 2134 aliud
839 2086 900 2134 eas
910 2085 1065 2160 quoque

60 2174 470 2276 sulphurisparticulas
485 2204 567 2277 quae
579 2181 696 2279 magis
712 2181 751 2250 in
765 2181 945 2274 sanguine
960 2202 1065 2250 cons·

59 2294 181 2367 trictae
207 2310 243 2367 et
261 2287 448 2394 ¹depressae
472 2312 602 2384 erant,
627 2298 745 2370 solvat
766 2312 921 2394 repente
951 2310 1065 2392 atque

60 2411 220 2503 evehat,
237 2429 281 2486 ut
295 2429 352 2486 tot
367 2415 443 2509 jam
462 2415 558 2503 sint,
585 2430 679 2512 quot
702 2414 942 2486 secernendis
958 2415 1066 2510 jecur

59 2553 134 2628 par
151 2554 230 2607 ,esse
245 2556 325 2602 non
346 2533 472 2629 possit.
493 2536 556 2604 Est
572 2532 667 2604 alius
679 2547 857 2630 praeterea
868 2530 928 2602 vel
939 2531 1066 2601 notior

60 2646 202 2719 modus
217 2673 294 2745 quo
304 2647 391 2720 hilis
401 2650 555 2722 materia
569 2651 606 2720 in
623 2650 803 2747 sanguine
813 2663 1013 2744 augeatur,
1023 2662 1066 2718 ut

64 2766 96 2838 si
106 2790 151 2836 ex
166 2789 209 2836 ea
221 2791 303 2863 quae
317 2767 432 2856 inest,
444 2791 577 2866 parum
593 2767 651 2840 vel
664 2767 759 2839 nihil
773 2779 978 2864 separetur,
990 2765 1065 2836 sive

62 2880 118 2953 ob
135 2881 289 2978 aliquod
299 2884 415 2981 ipsius
426 2886 638 2983 sanguinis,
651 2900 715 2955 aut
725 2885 850 2954 intimi
866 2906 1066 2953 secernen-

60 3000 263 3097 tis'organi
282 3002 434 3090 vitium,
458 3005 534 3074 sive
555 3003 605 3074 ob
622 3001 878 3100 ¹complurium
903 2998 1067 3097 hepatici

61 3116 202 3190 ductus
225 3142 448 3209 ramorum,
476 3135 550 3197 aut
567 3120 648 3215 ejus
677 3121 799 3218 ipsius
813 3119 939 3190 trunci
961 3171 972 3203 ,
1003 3130 1067 3187 aut

60 3237 277 3308 eommunis
297 3237 513 3335 impeditam
529 3238 638 3309 viam.
656 3242 731 3333 Hac
746 3239 846 3309 enim
865 3235 1067 3337 impedita,

61 3353 319 3443 etiamsibilis,
329 3356 405 3450 jam
415 3370 573 3443 secreta,
586 3357 624 3425 in
637 3352 855 3453 sanguinem
865 3409 875 3443 ,
887 3369 927 3426 ut
939 3354 1067 3452 plures
1161 3428 1168 3440 Ι

62 3471 273 3543 existimare
289 3487 474 3570 pergunt,
496 3499 574 3544 non
589 3473 736 3561 redeat;
755 3497 852 3543 nora
867 3471 1018 3542 immitti
1028 3470 1067 3539 in

56 3589 198 3688 plenos
217 3588 479 3688 distentosque
494 3591 630 3662 duetus
641 3616 722 3661 non
735 3591 891 3688 poterit,
906 3587 1069 3684 ideoque

80 3965 150 4045 ,(ι)
171 3965 243 4022 obs.
265 3983 311 4021 ιο.
