2580 4514
138 346 207 419 232
305 368 351 414 or
377 366 522 415 sumnus
548 368 591 412 rr
616 365 740 414 oaosrs
766 364 978 414 uoneonorr
1012 384 1015 389 -

191 509 243 553 12.
263 480 374 570 Quod
385 480 433 550 ad
447 480 778 577 pharmaceuticen
796 481 948 569 attinet,
966 494 1126 552 tantome
1146 522 1149 527 ·

138 601 246 672 decet
272 623 350 670 esse
375 599 609 685 breviorem,
637 614 780 695 quanto
806 599 1041 670 consulentis
1066 623 1128 669 me

139 717 214 790 dici
226 717 358 787 litteris
373 717 511 787 certior
523 714 575 786 fio
588 770 598 805 ,
613 733 793 815 usurpata
809 719 887 814 jam
903 714 1016 788 fuisse
1029 741 1132 788 reme

138 834 222 922 dia,
246 860 329 932 quae
355 848 551 932 poterant,
580 836 708 905 omnia
732 834 779 905 de
799 860 937 932 genere
961 834 1133 932 glutinan-

137 954 255 1040 tium,
273 952 577 1023 vulnerariorum
587 1006 599 1040 ‚
619 951 1000 1050 adstringentium,et
1011 974 1134 1025 nervos
1179 930 1183 977 ³

135 1072 371 1168 juvantium,
392 1084 429 1141 et
448 1085 592 1167 quanto
612 1070 802 1168 pleniores
822 1069 1011 1166 ejusmodi
1030 1093 1136 1140 reme·

140 1188 211 1261 diis
241 1189 351 1260 video
389 1213 520 1260 omnes
549 1188 782 1260 medicorum
812 1201 850 1259 et
870 1186 1136 1286 ‘chirurgorum

137 1305 267 1385 libros.
295 1308 473 1397 Quamvis
502 1323 627 1377 autem
655 1305 790 1377 iisdem
819 1306 952 1376 litteris
986 1328 1138 1376 comme·

137 1426 282 1497 morari
300 1440 447 1495 tantum
465 1424 612 1496 videam
637 1422 757 1512 fotus,
778 1424 1005 1521 semioupia‚
1036 1423 1139 1518 injec-

139 1544 284 1627 tiones,
301 1558 445 1629 cerata‚
466 1541 630 1629 suffitus,
648 1542 813 1639 aliasque
831 1540 1066 1637 ejuscemodi
1075 1535 1140 1611 for·

140 1684 242 1747 mas,
261 1661 490 1731 exteriorum
520 1684 654 1732 omues
676 1659 959 1746 remediorum3
989 1684 1070 1730 non
1095 1673 1141 1730 ta·

139 1803 231 1849 men
256 1777 390 1850 dubito
420 1780 514 1876 quin
542 1780 654 1850 simul
671 1779 710 1848 in
728 1804 839 1851 usum
868 1778 1046 1848 venerint
1071 1800 1141 1874 quae

139 1896 185 1967 iis
204 1896 439 1993 respondent
467 1898 659 1968 interiora.
683 1895 868 1994 Equidem
897 1897 1080 1993 praeclare
1097 1896 1141 1964 in·

140 2013 270 2111 telligo
290 2016 395 2111 quod
412 2014 472 2085 his
488 2015 668 2112 praesidiis
688 2013 853 2084 obtineri
872 2013 1059 2086 hactenus
1074 2036 1141 2083 nou

141 2133 286 2228 potuit,
315 2132 354 2202 id
385 2133 503 2203 multo
530 2134 656 2204 minus
678 2131 717 2201 in
739 2145 934 2230 posterum
967 2156 1052 2204 esse
1071 2154 1142 2230 spe·

141 2249 329 2338 randum,
350 2276 436 2322 cum
451 2249 569 2335 fatus
590 2252 732 2322 interea
752 2251 799 2321 sit
817 2251 968 2347 gravior
981 2247 1142 2335 morbus,

143 2369 339 2466 magisque
368 2371 447 2466 ejus
479 2394 598 2441 causae
624 2372 697 2441 sint
720 2367 962 2440 confirmatae.
991 2372 1142 2441 Verum·

144 2497 272 2556 tamen
302 2484 423 2558 donec
449 2502 534 2559 retas
564 2503 600 2558 et
624 2486 744 2557 robur
769 2487 918 2583 vigent,
947 2483 1145 2585 repetenda

145 2600 299 2676 fortasse
317 2629 430 2692 esset,
455 2619 555 2677 certe
568 2605 726 2703 repetita
746 2617 852 2676 caute
866 2602 1147 2702 prudenterque

143 2720 240 2791 nibil
255 2737 433 2813 noceret,
450 2723 631 2793 diuturna
650 2737 687 2793 et
700 2721 822 2792 valida
838 2721 995 2792 curatio.
1019 2724 1067 2790 ln
1082 2742 1148 2817 qua

144 2841 287 2935 optima
305 2866 465 2937 quaeque
479 2840 765 2911 corroborantia
776 2838 1053 2910 medicamenta
1069 2860 1148 2936 pro·

137 2958 389 3052 pinarentur,
411 2983 492 3055 quae
510 2958 636 3055 potius
653 2973 779 3028 tamen
798 2983 844 3028 ex
861 2957 906 3027 iis
929 2972 1149 3053 essentque

144 3097 283 3145 nervos
296 3077 430 3171 juvant
445 3100 559 3171 quam
573 3101 656 3172 quae
670 3072 930 3173 adstringendi
941 3075 980 3143 vi
993 3072 1149 3171 pollent3

144 3189 205 3263 his
232 3194 332 3262 enim
357 3191 535 3264 adstricta
562 3194 667 3265 alvus
696 3191 904 3290 majoribus
921 3215 966 3263 ac
982 3189 1150 3289 pluribus

146 3310 192 3379 ad
205 3309 437 3407 egerendum
454 3311 604 3384 nixibus
620 3337 717 3411 opus
731 3310 909 3398 haberet,
928 3309 1072 3407 quibus
1086 3330 1158 3380 mr·

145 3428 201 3525 gis
222 3429 415 3526 magisque
433 3444 635 3527 augeretur
655 3428 822 3500 morbus.
838 3429 961 3515 Quam
978 3420 1150 3499 etiamot

146 3568 296 3616 causam
316 3545 525 3642 abjicienda
539 3548 697 3617 omnino
713 3546 776 3616 illa
793 3560 881 3618 sunt
896 3568 981 3642 quae
993 3564 1151 3643 purgan-

145 3663 196 3733 tia
208 3679 502 3763 nuncupantur-3
517 3665 564 3734 ad
577 3666 699 3736 laesam
718 3665 820 3735 enim
838 3678 984 3761 partem
998 3661 1152 3749 ducunt,

144 3781 184 3850 in
204 3806 322 3878 eaque
341 3772 569 3881 permolesta
593 3798 630 3855 et
649 3783 761 3854 noxia
786 3779 1012 3879 relinquunt
1033 3781 1153 3851 irrita·

147 3914 283 3971 menta.
303 3901 414 3988 Quod
427 3904 458 3972 si
473 3901 598 3972 alvum
613 3902 756 3973 solvere
768 3924 920 3972 necesse
928 3900 1002 3993 sit,
1016 3899 1063 3973 iis
1076 3919 1152 3997 quae
