2580 4514
185 402 259 454 nm.
282 406 337 453 111.
366 406 413 451 ur
440 405 575 452 nonius
592 405 762 467 vaurms,
788 405 899 451 rrrsr.
920 405 1039 450 xxxvi.
1069 380 1136 452 361

131 520 245 618 quod
261 496 383 609 caeteri
399 542 475 588 non
491 519 755 615 praestiterant,
776 519 955 588 nimirum
973 517 1077 614 quod
1095 519 1142 591 ad

128 640 246 739 sigua
269 638 402 741 attinet
420 637 558 732 jecoris
577 635 810 707 abscessibus
826 633 903 706 fere
925 633 1142 707 communia

135 781 222 854 quae
242 751 449 841 defuerint,
469 768 625 826 autnon
641 780 686 825 ex
704 755 750 825 iis
769 754 899 825 saltem
923 779 1006 852 quae
1024 756 1142 825 aduo-

135 873 230 952 tavit
243 873 444 958 ‘Coiterus‚
462 884 594 968 praeter
615 871 745 942 tussim
765 885 801 940 et
820 871 937 958 sitim,
954 871 1142 967 quas'Val-

137 989 241 1063 salva
260 1012 413 1087 quoque
432 989 675 1059 memoravit:
695 1013 739 1059 ex
765 989 879 1084 signis
896 1001 1020 1066 autem
1040 988 1142 1085 rupti

134 1105 340 1199 abscessus.
350 1130 443 1175 num
463 1120 505 1176 e'a
522 1104 663 1177 fuerint
679 1131 761 1202 quae
782 1129 803 1174 a
828 1106 978 1176 Coitero
996 1119 1084 1179 sunt
1102 1106 1142 1174 in

138 1223 246 1296 hunc
262 1222 610 1297 modumindicata:
626 1225 692 1321 qui
702 1219 741 1293 in
756 1223 910 1293 dextero
920 1220 1143 1320 hypochon-

138 1339 251 1442 tirio,
277 1339 518 1439 subjectaque
541 1343 694 1439 regione
712 1338 850 1428 fuerat,
870 1355 992 1418 tumor
1005 1339 1140 1427 desiit,
1166 1333 1169 1339 Δ

134 1457 292 1529 durities
320 1465 490 1545 evanuit;
510 1460 641 1529 eodem
657 1460 718 1530 die
733 1458 892 1555 aliquod
904 1462 1030 1527 animi
1056 1455 1143 1527 deli·
1173 1512 1175 1517 .

135 1581 236 1675 quiis
252 1591 442 1676 correptus
454 1583 620 1647 animam
635 1577 746 1649 dedit.
763 1579 856 1648 Nam
867 1574 1036 1648 Valsalva
1047 1576 1143 1646 nihil

135 1708 342 1782 memorat,
369 1693 441 1764 nisi
465 1695 638 1767 dolorem
659 1696 726 1792 qui
751 1719 865 1792 supra
889 1693 1142 1765 umbilicalem

136 1811 337 1907 regionem
355 1808 493 1901 fuerat,
513 1818 646 1883 sensim
664 1811 861 1905 defecisse,
877 1813 1032 1883 materia
1043 1809 1143 1883 vide·

135 1927 230 1999 licet
250 1925 442 2000 abscessus
459 1931 577 2028 magis
593 1931 787 2028 magisque
805 1955 850 2033 ex
865 1929 939 2032 hoc
960 1931 999 2000 in
1018 1927 1143 2000 thora·

138 2067 226 2115 cem
245 2044 423 2115 traducta.
441 2046 555 2141 Cujus
570 2047 707 2117 actioni
724 2045 816 2145 quid
829 2061 910 2118 tum
928 2038 1145 2117 detrimenti

136 2165 362 2251 accesserit,
388 2187 435 2233 ne
465 2163 607 2234 indicat
631 2163 783 2261 quidem
806 2191 815 2253 ;
845 2164 941 2234 nihil
972 2162 1144 2233 videlicet

134 2280 328 2376 attingens
341 2278 387 2350 de
405 2277 606 2351 difficiliori
617 2277 712 2353 facta
723 2264 968 2379 respiratione
978 2336 988 2371 ‚
1000 2296 1042 2351 ut
1051 2279 1144 2349 nihil

136 2395 190 2469 de
210 2396 327 2466 animi
345 2397 529 2493 deliquiis.
824 2480 827 2488 Ι

187 2512 225 2584 6.
252 2517 336 2585 Haec
363 2496 515 2603 ultima,
536 2517 565 2587 si
581 2514 755 2586 historias
781 2514 860 2588 illas
890 2529 958 2605 tot
974 2514 1144 2612 perleges

135 2654 225 2730 quae
246 2633 389 2702 suntin
411 2632 659 2731 Sepulchreto
679 2631 792 2731 paulo
818 2647 904 2704 ante
922 2632 1144 2729 designatae,

135 2772 219 2819 non
232 2750 348 2846 magis
362 2774 475 2846 quam
484 2751 593 2821 citam
602 2766 775 2839 mortem,
785 2749 967 2836 adnotari,
978 2749 1144 2820 inveuies

136 2866 179 2935 in
193 2867 238 2937 iis
259 2864 397 2963 quibus
416 2891 454 2940 se
467 2870 611 2939 vomica
631 2868 776 2967 hepatis
794 2869 833 2937 in
851 2868 990 2937 ventris
1011 2891 1144 2937 cavum

141 2984 501 3082 exoneraverat(1)‚
515 2988 545 3059 si
555 2988 678 3058 virum
691 2987 870 3084 excipias,
891 2985 998 3081 cujus
1019 3010 1145 3057 casum

140 3102 322 3174 aCoitero
333 3102 563 3202 descriptum
572 3105 626 3200 (α)
637 3105 943 3200 commemoravi:
957 3119 992 3175 et
1002 3120 1145 3194 contra,

137 3218 323 3316 pistorem
346 3220 446 3317 leges
470 3218 525 3318 (3)
550 3222 735 3294 interdum
759 3221 1002 3320 leipothymia
1029 3236 1145 3292 tenta·

140 3351 237 3425 tum,
267 3338 374 3432 eujus
394 3342 591 3438 suppurati
607 3340 752 3439 hepatis
769 3347 911 3410 intacta
935 3365 980 3410 ac
1005 3345 1147 3437 integra
1212 3326 1218 3330 ’

139 3454 363 3525 membrana
381 3473 470 3527 erat.
490 3461 663 3530 Attamen
688 3475 892 3554 utrumque
913 3481 1045 3528 eorum
1065 3481 1168 3554 quae⁴
