2580 4514
212 431 280 476 mr.
302 408 356 474 nr.
379 422 426 474 »r
443 413 577 473 nonnis
595 416 762 491 vaurms,
781 416 891 476 rrum
908 432 1060 484 xxxvm.
1087 414 1156 488 611

162 545 278 614 latere
297 546 383 612 ‘una'
409 560 494 612 cum
522 540 588 611 alis
609 538 917 637 vespertilionum
934 546 1032 620 inter
1055 554 1161 626 scita

162 661 391 746 coaluerant,
413 673 449 728 et
462 655 686 728 crassefactae
702 658 740 726 in
758 680 871 728 unam
889 665 1088 757 quamdam
1108 685 1161 742 tu.

161 777 352 868 berosam,
369 773 585 858 informem,
606 798 683 843 non
699 774 886 847 modicam
902 802 1057 852 massam
1076 811 1162 860 con·
1217 801 1219 806 '

163 889 358 967 creverant
371 884 391 979 ‚⁶
404 909 446 963 ut
470 891 575 961 nullo
601 915 755 988 prorsus
783 893 917 965 morbo
939 897 1091 971 alteram
1113 906 1160 977 ab

160 1013 279 1084 altera
301 1014 554 1082 internoscere
580 1007 734 1096 liceret,
774 1009 915 1082 nedum
953 1017 1159 1117 sejungere.

163 1130 370 1225 Utriusque
405 1150 529 1197 massae
556 1123 774 1221 superficies
797 1151 876 1197 non
901 1130 1016 1226 parv'o
1043 1136 1162 1232 spatie

163 1248 305 1334 lacera,
326 1271 368 1316 ac
389 1269 456 1343 per
475 1269 513 1314 se
528 1256 656 1341 aperta
673 1245 823 1314 inventa
837 1259 891 1316 est
906 1272 988 1319 non·
1002 1274 1107 1325 secus
1121 1266 1163 1325 ac

163 1366 404 1465 silmagnum
437 1348 629 1458 quoddam
660 1343 838 1431 steatoma
867 1387 905 1432 se
933 1365 1162 1464 disrupisset.

148 1485 343 1572 ¹Quocum
358 1493 559 1576 propterea
582 1480 814 1573 comparavi,
834 1481 921 1576 quia
941 1504 985 1551 ex
1008 1489 1163 1559 materia

151 1599 280 1697 ‚fiebat
296 1597 538 1692 ntmttnsagts,
555 1619 666 1693 quam
682 1596 950 1668 semisiccatum
965 1600 1095 1672 sebum
1106 1628 1164 1676 re·

137 1692 325 1803 *iheum
344 1714 394 1783 ita
411 1709 602 1798 armatha,
621 1727 672 1798 et,
689 1712 718 1783 si
738 1722 1162 1818 contrectares‚·ungui·‘
1259 1696 1267 1712 ⁸

165 1856 259 1903 nosa
284 1847 321 1904 et
349 1830 506 1928 specillo
522 1831 691 1901 immisse
715 1827 821 1902 facile
850 1831 998 1906 cedens.
1021 1841 1108 1908 Eam
1132 1839 1163 1910 si

166 1949 414 2056 discerperes,
429 1926 537 2044 qirasi
551 1971 595 2018 ex
609 1960 665 2017 tot
677 1944 850 2019 frustulis·
866 1966 1041 2026 constare
1059 1979 1162 2051 pers-¹

167 2066 344 2164 picieins.
365 2069 451 2135 Erat
467 2079 592 2136 autem
609 2065 764 2134 omnino
782 2065 950 2157 inodora.
974 2071 1024 2140 Ut
1040 2087 1164 2168 partes

167 2203 262 2281 quas
279 2157 486 2262 nominavi,
504 2183 543 2248 in
565 2180 696 2250 sebum
714 2203 899 2253 conversae
915 2184 1164 2281 videbantur3

167 2297 305 2370 sicubi
330 2298 428 2367 uteri
448 2294 624 2384 fundum,
649 2297 715 2392 qui
733 2309 844 2368 sanus
862 2301 1023 2370 exterius
1039 2318 1078 2373 et
1102 2328 1185 2400 pa··
1209 2356 1220 2381 .
1262 2391 1263 2396 Ἰ

166 2420 304 2488 rietum
327 2440 479 2512 quoque
501 2414 632 2509 majori
649 2415 824 2511 portione
843 2413 929 2504 fuit,
949 2395 1057 2491 altius
1073 2422 1165 2491 inci·-

165 2536 325 2622 dissem,
350 2533 546 2629 reliquam·
559 2545 675 2601 totam
705 2531 922 2602 interiorem
942 2537 1164 2625 eorumdem
1185 2557 1187 2562 ’
1224 2535 1226 2538 ⁴

168 2629 356 2751 parietum
389 2649 633 2723 substantiam
661 2649 700 2717 in
727 2653 917 2720 materiam
946 2665 1165 2725 conversata

166 2769 244 2840 ridi
272 2771 361 2865 ejus⁴
382 2768 539 2840 similem
561 2790 643 2863 quae
665 2765 778 2836 modu
803 2767 988 2866 descripta
1013 2772 1167 2861 estnisi

168 2885 274 2984 quod
305 2886 431 2957 coiere
459 2882 634 2954 nonnihil
657 2881 704 2952 ad
731 2883 921 2953 cinereum
938 2885 1162 2974 inclinabat.
1193 2932 1194 2939 κ

167 3003 381 3099 Eademque
405 3002 558 3071 materia
579 2997 685 3069 fundi
708 3023 843 3069 cavum·
867 2998 1046 3094 refertum
1064 3019 1164 3095 erat,

168 3145 215 3190 er
231 3144 349 3216 eaque
376 3117 479 3215 quod
501 3120 625 3186 minus
643 3115 803 3186 solidum
824 3134 937 3204 esset,
957 3141 1027 3214 per
1050 3113 1165 3191 cervi-
1248 3136 1261 3154 ²

168 3261 273 3324 cem,
293 3262 410 3332 qnaea
432 3237 591 3306 materiae
610 3234 733 3330 ipsius·
748 3234 931 3330 reliquiis,
956 3233 1061 3308 facile
1082 3237 1166 3311 ahs-

168 3351 604 3450 tergendis‚-albicabat,
625 3349 794 3421 excidere
815 3352 853 3419 in
874 3355 1044 3449 vaginam
1075 3379 1167 3426 con-

169 3473 331 3542 suevisse
347 3469 553 3540 videbatur.
571 3469 752 3541 Caeterum
778 3468 901 3538 cervix
924 3471 1024 3542 intus
1048 3486 1170 3541 extra-¹

170 3602 246 3686 que
260 3588 499 3685 integerrima
517 3600 614 3670 erat,
632 3585 809 3681 ejusque,
837 3599 878 3654 ut
902 3583 1008 3655 fundi
1033 3588 1167 3678 etiam,

170 3704 392 3802 magnitudo
408 3703 509 3774 haud
526 3702 709 3798 amplior,
729 3724 842 3798 quam
864 3703 943 3797 ejus
960 3704 1074 3774 aeratis
1092 3708 1169 3775 vir·³

170 3823 297 3922 ginem
314 3822 459 3905 deceat,
476 3822 547 3892 nisi
563 3817 669 3916 qued
682 3820 859 3891 asculum
868 3821 1059 3891 internum
1073 3816 1176 3894 uteri

170 3940 285 4040 paule
304 3939 463 4036 aruplius
477 3940 595 4010 visum
619 3952 683 4008 ese
697 3939 848 4010 Ventris
861 3952 985 4033 partes
1002 3938 1172 4038 reliquae,
1231 3973 1236 3986 ·

940 4052 1003 4151 39*
