2580 4514
155 367 226 454 364
321 388 366 432 rr
393 379 537 453 scurrus
563 381 606 427 ur
632 377 754 424 causis
779 371 993 421 rtonuonurt

160 501 419 574 musculorum
434 495 648 568 abdominis
658 488 895 588 deprehensa
910 502 989 574 est,
1005 482 1137 555 utinhit
1195 470 1202 583 ’ἱ

162 645 239 692 esse
263 635 449 689 tumorem
467 617 532 711 qui
551 616 589 683 in
609 611 745 708 hepate
764 621 863 695 erat,
887 605 1140 687 existimarent3

164 738 290 834 itaque
311 732 567 805 mollientibus
579 727 755 799 adhibitis
771 723 1082 824 suppurationem
1094 720 1144 788 im·
1201 734 1215 813 ᾗ,

165 864 431 962 portunissima
451 858 643 933 sedulitate
668 850 959 925 concitaverant.
990 834 1148 934 Intellig‘ts

136 1026 139 1032 ·
168 980 259 1080 quid
278 979 501 1077 improbem.
522 983 654 1075 Neque
670 975 770 1046 enim
793 969 920 1038 issum
938 958 1009 1056 qui
1026 954 1089 1027 ubi
1102 976 1151 1023 na·
1222 1026 1227 1049 1

126 1132 130 1137 ·
169 1117 252 1173 tura
267 1100 344 1197 ipsa
363 1113 610 1196 suppuratum
626 1093 764 1191 jecoris
782 1103 976 1170 tumorem
998 1073 1046 1146 ad
1058 1070 1154 1144 abdo-⁴

171 1219 284 1290 minis
301 1232 432 1316 urgeat
450 1215 658 1299 musculos,
670 1235 740 1309 pus
753 1206 806 1277 ibi
816 1199 958 1274 diutius
975 1189 1156 1266 sinendum

175 1361 345 1409 censeam
371 1323 476 1433 quod
500 1333 638 1405 indies
660 1341 862 1426 augeatur,
885 1331 922 1388 et
942 1335 1056 1385 mora
1075 1307 1159 1407 pejus
1219 1320 1227 1334 ·

176 1453 337 1542 sactum,
356 1456 575 1551 sangninem
591 1447 751 1531 inficiat,
768 1436 920 1514 visceris
945 1447 1074 1532 partes
1092 1426 1161 1497 alias
1219 1414 1223 1449 ³

178 1574 344 1669 aliasque
355 1572 505 1657 erodat,
519 1570 666 1667 sibique
677 1567 774 1636 viam
786 1583 864 1658 quo
878 1553 1009 1625 minus
1023 1543 1162 1645 expedit¹
1224 1558 1227 1645 ζ

180 1691 345 1789 aperiat,
371 1705 414 1761 ut
438 1706 529 1788 puta
554 1690 593 1758 in
612 1680 885 1763 ventriculum3
901 1674 943 1741 in
959 1669 1070 1739 hunc
1085 1662 1165 1735 enim

182 1835 334 1907 quoque
360 1835 428 1907 per
456 1811 622 1908 amplum
649 1806 818 1878 foramen
844 1793 1030 1892 irrupisse
1052 1786 1095 1859 cl.
1111 1786 1166 1855 Vo

186 1927 303 2025 gelius
314 1926 368 2021 (t)
385 1927 653 2026 deprehendit,
668 1940 732 1996 aut
745 1924 785 1992 in
795 1917 991 1989 thoracem
1004 1962 1014 1995 ,
1028 1920 1169 2000 utsupra

187 2044 546 2136 ostendimus,·aut,
575 2044 679 2145 qnod
706 2041 829 2112 minus
853 2055 942 2104 raro
967 2023 1122 2108 accidit,
1142 2019 1170 2087 in

187 2163 328 2235 ventris
354 2189 511 2253 cavum,
536 2162 637 2235 unde
656 2160 791 2231 misera
823 2166 859 2223 et
886 2149 990 2241 len-ta
1017 2163 1134 2223 mors,
1152 2134 1174 2207 si

189 2280 400 2380 periculum
428 2279 628 2379 effugietur
654 2275 859 2356 citissimae,
887 2279 930 2336 ut
957 2258 1174 2334 Albertinum

191 2398 326 2470 vidisse
354 2399 512 2470 diximus
529 2399 603 2495 (a),
634 2412 670 2470 et
686 2391 845 2465 illustris·
863 2379 1069 2485 confirmat
1088 2373 1176 2446 swie-

185 2521 318 2588 *tentus
337 2515 401 2613 (3).
419 2518 630 2590 Periculum
650 2527 722 2598 ert,
742 2506 883 2605 inquit,
900 2524 947 2571 ne
967 2501 1090 2568 animi
1106 2487 1179 2561 dett·
1225 2504 1227 2509 '

196 2642 343 2734 quium,
364 2651 401 2706 et
417 2639 540 2708 subita
567 2658 666 2706 mors
688 2639 895 2727 sequantur
920 2618 987 2690 illo
1014 2631 1182 2713 tempore,

194 2754 285 2825 dum
303 2732 491 2848 abscessus
508 2751 687 2850 jecinoris
717 2747 926 2841 rumpitur‚·
952 2757 1060 2807 venoe
1079 2739 1183 2830 porto

197 2878 293 2942 enim
321 2877 418 2942 rami
443 2885 556 2943 antea
578 2895 604 2938 a
632 2870 774 2938 vomica
799 2860 950 2958 pressi,
984 2874 1087 2923 nunc
1108 2864 1186 2947 pure

199 2989 328 3088 elapso
357 2988 480 3079 liberi,
513 3014 538 3057 a
569 2988 750 3082 sanguine
778 2976 1019 3074 impetuosius
1050 2973 1188 3039 irruente

201 3112 326 3203 rumpi
341 3106 462 3196 facile
485 3117 715 3203 potuerunt,
741 3097 1048 3196 praecipuarum
1069 3111 1096 3156 a
1110 3100 1190 3183 pute

204 3229 345 3293 acriori
363 3239 439 3293 tam
464 3222 529 3294 diu
548 3221 782 3293 accumbente
801 3212 985 3282 macerati
988 3208 1192 3299 fuerint,et

205 3345 315 3439 quasi
341 3346 433 3409 semi
459 3345 569 3410 exesi.
598 3339 715 3441 Igitur
739 3333 843 3402 hunc
869 3312 1191 3425 ipsum‚‘ali0sque

121 3518 126 3525 ,
207 3482 337 3556 graves
352 3472 522 3528 auctores
538 3471 705 3541 secutus,
724 3451 947 3548 priusquam
964 3442 1047 3515 haec
1069 3433 1193 3515 accidc·

208 3617 1193 3654 ...-....-......------—--—--·

263 3744 290 3815 r)
311 3746 377 3799 Act.
390 3743 428 3798 N.
441 3744 474 3798 C.
489 3752 558 3796 tom.
571 3737 605 3810 5,
623 3737 687 3794 obs.
702 3754 751 3811 90.

278 3842 289 3919 )
310 3845 348 3898 N.
368 3850 394 3909 4.

245 3743 258 3817 (

245 3842 276 3919 (a

247 3943 290 4020 (3)
311 3945 474 4000 Comment.
487 3940 519 3996 in
529 3940 635 3996 Boerh.
650 3932 755 4012 aphor.
770 3938 787 4005 ς
800 3932 870 4007 939.
