2580 4514
137 325 209 412 406
259 381 261 387 .
301 348 347 395 oe
373 345 518 392 seriens
543 347 588 392 rr
612 344 736 392 crusis
761 345 976 392 moruorum

137 463 218 561 pla,
243 459 312 531 alia
330 459 540 555 explicare,
569 474 611 530 ut
639 456 787 528 Riolani
815 456 890 552 (1),
917 472 961 530 ut
979 462 1132 530 *Fautori

138 578 254 679 patris
265 566 336 672 (2),
349 575 489 672 quibus
502 576 543 645 in
561 573 741 674 exemplis
762 575 942 646 indurato
957 589 1132 674 auctoque

136 685 517 794 jecinooestiennon
546 692 663 763 modo
695 717 775 763 non
804 692 930 789 major
954 716 1134 790 quamto-

137 814 230 899 leat‚
249 811 314 884 sed
333 812 512 910 exiguus,
535 825 579 882 ut
597 811 659 881 vix
681 811 832 881 unciam
850 809 1062 908 penderet,
1083 825 1135 883 tut

138 932 216 1004 sola
229 928 345 1002 ferme
359 930 443 1026 ejus
453 929 606 1026 vestigia
621 943 865 1027 apparerent,
881 930 1065 1001 inventus
1080 943 1134 1000 est

138 1053 240 1120 Pone
258 1051 382 1134 enim,
409 1047 762 1144 quoecumqueejus
788 1049 845 1118 rei
872 1068 985 1118 causa
1016 1043 1136 1135 fuerit,

137 1167 378 1239 imminutum
394 1164 564 1262 splenem
584 1190 591 1232 :
609 1164 687 1260 jam
703 1163 880 1262 intelligit
896 1164 1136 1262 quantoplus

139 1285 309 1355 arteriosi
331 1283 546 1382 sanguinis,
566 1295 603 1353 et
620 1296 763 1378 quanto
791 1282 920 1352 minus
944 1281 1077 1353 auxilii
1101 1280 1138 1352 td

140 1400 408 1473 secernendam
429 1399 589 1498 probam
608 1397 725 1471 bilem
744 1400 784 1472 iu
793 1401 905 1495 jecur
919 1400 1137 1496 pervenerit

139 1524 224 1590 Aut
238 1543 339 1616 pone
359 1518 520 1589 vicissim
547 1543 593 1588 ex
624 1516 793 1615 qualibet
823 1539 963 1603 causa,
989 1516 1092 1588 mode
1111 1529 1141 1587 et

142 1635 311 1734 pondere
332 1636 484 1706 auctum
512 1635 641 1731 jecur,
664 1650 706 1706 ut
733 1650 855 1706 totum
883 1649 1055 1732 occupet
1072 1635 1139 1734 epi·

142 1752 340 1851 gestuum,
370 1753 690 1849 quemadmodum
712 1754 753 1822 in
770 1750 945 1850 exemplo
966 1753 1141 1839 Fautoni,

142 1884 179 1942 et
196 1869 446 1942 ventriculum
470 1871 510 1940 iu
531 1869 784 1941 umbilicalem
803 1870 1004 1966 regionem
1025 1868 1142 1941 detru-

51 2043 55 2050 .
94 2044 96 2050 ,
142 1986 206 2058 det
232 2014 240 2056 ε
270 1987 346 2083 jam
378 1987 594 2083 conjectura
625 1985 732 2058 facile
764 1988 1000 2084 assequeris,
1038 2006 1142 2087 qum

142 2106 343 2202 comprimi
367 2128 443 2176 una
464 2107 582 2204 possit
609 2120 689 2177 tum
721 2103 797 2175 lieu
823 2103 939 2176 molle
969 2105 1144 2176 viscosae

142 2223 292 2310 laxum,
325 2237 405 2294 tum
435 2222 601 2321 splenico
631 2223 766 2293 arteria
797 2220 901 2294 unde
930 2222 1145 2320 §inguinem

132 2340 280 2436 occipit
297 2365 374 2436 quo
401 2340 591 2427 nutritur,
610 2355 646 2410 et
666 2363 745 2437 quo
761 2340 904 2434 justum
923 2339 973 2410 ed
992 2339 1146 2412 modum

142 2468 319 2528 extensus
328 2456 610 2556 explicatusque
623 2471 793 2529 servatur
803 2483 812 2525 τ
824 2481 907 2554 qure
915 2458 1058 2528 arteria
1069 2477 1147 2529 oum

142 2573 213 2644 sub
231 2589 431 2672 pancreate
449 2571 610 2660 feratur,
629 2573 720 2645 huic
749 2573 963 2646 secundum
993 2572 1148 2674 longitu-

141 2690 269 2763 dinem
282 2721 285 2724 ·
300 2689 429 2781 affixa3
451 2692 555 2763 rides
578 2689 749 2790 profecto
766 2705 954 2790 quantum
973 2693 1098 2790 premi
1113 2693 1146 2762 in

140 2807 289 2878 Riolani
310 2808 484 2906 exemplo
509 2805 703 2897 debuerit,
731 2809 865 2906 inquo
891 2832 1080 2907 procrees
1094 2823 1147 2880 to·

30 2993 33 2999 .
138 2936 218 2995 tum·
244 2923 508 3021 skirrhosum,
536 2926 784 3024 amplitudine
814 2950 881 2998 sua
910 2939 950 2996 et
980 2925 1146 3025 pondere

136 3040 246 3136 jecur
262 3043 385 3139 ipsum
406 3041 588 3140 aequabat.
606 3047 700 3115 Nam
717 3043 824 3142 quod
846 3045 886 3114 iu
908 3043 984 3114 alio
1002 3043 1147 3116 cadave-

137 3182 179 3228 re
203 3159 312 3229 lienis
331 3162 527 3256 vestigium
547 3163 686 3261 unguis
712 3161 912 3233 latitudine
935 3161 1145 3247 invenerit,

138 3270 295 3344 fortasse
312 3299 358 3345 ex
376 3276 518 3372 majore
542 3295 605 3350 aut
623 3279 863 3350 diuturniore
890 3277 1072 3376 spieniooe
1093 3301 1145 3348 ar·

13 3480 18 3487 ῃ
137 3391 238 3461 teriae
268 3394 550 3490 compressione
575 3393 657 3467 fieri
681 3397 828 3495 potuit3
849 3417 938 3467 cum
965 3415 1144 3494 pancitas

174 3785 218 3864 (ι)
239 3762 444 3870 Antirropogr.
458 3795 479 3848 l.
493 3811 527 3864 2,
542 3815 568 3852 c.
587 3795 633 3852 16.
669 3839 671 3842 ι

174 3885 217 3966 (α)
239 3891 310 3948 Obs.
328 3894 405 3950 med.
421 3905 499 3950 auat.
517 3902 564 3963 ²4·
