2580 4514
138 353 210 425 608
305 376 354 423 nn
379 372 525 421 sumnus
548 375 592 420 ar
618 372 743 420 causis
770 374 992 424 noanonuu

136 504 257 560 totum
271 511 439 559 mensem
458 510 537 585 quo
549 485 601 573 ibi
613 483 703 576 fuit,
721 484 869 558 cubare
888 490 1127 587 potuitusque

137 604 184 676 ad
202 620 430 692 extremum3
451 603 613 676 cubabat
638 618 763 675 autem
784 605 1025 704 plerumque
1044 607 1079 676 in
1092 608 1129 679 si-

137 725 296 793 nistrum
310 722 415 794 latus.
426 721 589 809 Sitiebat,
606 719 670 793 sed
685 744 763 812 uon
774 723 950 794 multum
963 777 974 811 ‚
985 723 1055 796 nisi
1062 748 1128 795 cun

138 838 318 912 febricula
329 863 402 936 qua
416 837 614 910 tenebatur
626 838 794 926 assidue,
810 838 1017 912 interdum
1031 865 1132 940 auges

139 956 256 1028 cebat,
278 961 417 1028 Paucas
438 954 591 1052 quidem
613 954 797 1027 reddebat
826 959 992 1048 urinas,
1015 975 1131 1030 necta·

119 1098 227 1157 ,men
246 1073 353 1144 valde
369 1071 560 1145 rubentes.
585 1071 752 1145 Subinde
777 1074 1027 1170 querebatur
1044 1075 1085 1148 de
1100 1077 1131 1146 iis

116 1194 119 1199 ’
139 1190 338 1287 dequibus
353 1188 558 1277 indicatum
571 1202 647 1279 est,
666 1188 713 1260 ad
728 1187 1040 1288 hypochondria
1050 1191 1132 1264 dolo·

138 1307 261 1394 ribus‚
280 1308 346 1404 qui
365 1306 591 1393 convulsivi‚
610 1321 839 1379 nontamen
858 1312 1060 1399 acerrimi,
1074 1333 1132 1381 esse

139 1424 378 1497 videbantur.
392 1427 484 1496 N'on
499 1425 585 1494 unis
595 1422 771 1495 adhibitis
781 1426 960 1517 auxiliis,
971 1427 1133 1525 uihilpre

143 1542 283 1613 fectum
302 1556 375 1612 est:
397 1541 529 1611 lotium
546 1555 698 1611 auctum
713 1556 769 1612 est
782 1567 1009 1640 nunquam.
1025 1548 1064 1614 ln
1080 1543 1132 1614 illis

142 1659 312 1756 quaedam
328 1674 433 1730 erant
447 1682 529 1754 quae
548 1656 756 1730 molestiam
772 1678 978 1752 crearent,
995 1677 1037 1734 ut
1050 1684 1131 1761 guu-

141 1778 194 1846 mi
213 1777 490 1847 ammoniacum
506 1800 591 1846 cum
610 1775 733 1846 resina
750 1776 1044 1879 terebinthina:
1060 1802 1130 1877 qua·

141 1893 313 1964 mobrem
327 1908 364 1962 et
384 1895 518 1964 omissa
534 1906 631 1964 sunt.
646 1893 860 1965 Novissime
878 1919 975 1968 cum
995 1897 1089 1969 alvus
1098 1920 1129 1966 ex

145 2008 337 2081 durafacta
351 2023 445 2081 esset
454 2009 588 2097 laxi0r3
599 2008 710 2081 fetida
724 2009 941 2106 liquamina
959 2025 1129 2113 coeperunt

146 2127 319 2216 effluere,
340 2127 404 2199 sed
420 2151 498 2196 uon
516 2126 726 2225 purulenta.
747 2131 899 2201 Horum
929 2133 1129 2230 persistente

147 2244 251 2317 fluxu
272 2270 358 2316 cum
375 2260 507 2344 venter
529 2268 608 2315 non
629 2244 886 2339 decresceret,
901 2251 1008 2343 uires
1023 2251 1059 2320 in
1072 2247 1130 2319 dies

145 2361 423 2461 frangerentur3
439 2362 618 2434 nimirum
637 2362 677 2433 id
694 2362 830 2434 accidit
845 2366 960 2461 quod
980 2368 1019 2437 in
1036 2379 1130 2437 extre·

146 2505 210 2551 mo
231 2479 328 2550 libro
340 2483 390 2551 IV
403 2480 449 2552 de
466 2481 604 2551 morbis
619 2480 927 2579 praenunciatum
944 2484 994 2556 de
1013 2482 1130 2580 hydro·

147 2598 234 2694 pico
255 2611 330 2668 est:
351 2611 393 2666 at
405 2598 471 2667 ubi
483 2602 593 2668 etiam
611 2598 717 2669 alvus
737 2587 847 2668 valde
856 2600 1000 2696 fluida
1011 2602 1130 2693 suerit,

149 2719 316 2786 citissime
340 2719 498 2784 moritur
517 2728 554 2783 et
579 2719 735 2785 sentiens
761 2728 798 2784 et
819 2712 997 2813 loqueris.
1025 2723 1130 2814 Itaque

145 2845 339 2904 constante
354 2855 473 2926 usque
483 2829 529 2900 ad
539 2829 713 2901 ultimum
728 2844 880 2922 mente,
897 2834 1055 2908 vivendi
1065 2831 1129 2903 linis

146 2965 202 3020 est
219 2947 336 3021 factus
354 2948 451 3031 circa
478 2945 645 3019 medium
665 2946 911 3020 decembrem
931 2953 1027 3024 anni
1050 2953 1128 3049 tydl-

146 3066 345 3154 Postridie,
361 3089 448 3136 cum
460 3064 539 3137 haec
557 3066 804 3163 accepissem,
824 3080 865 3138 et
888 3063 1134 3171 frequentissl

145 3184 216 3252 mis
248 3181 483 3253 auditoribus
507 3184 786 3280 exposuissem,
813 3187 1013 3259 nonnulla
1040 3184 1132 3260 exiis

145 3298 368 3396 praedicens,
385 3324 466 3395 quae
483 3323 571 3369 mox
596 3299 668 3370 sub
688 3324 819 3380 eorum
848 3303 980 3378 oculis
1005 3307 1130 3377 inventa

145 3430 255 3503 sunt3
275 3414 650 3505 dissectioibistatim
665 3417 812 3514 incepta
828 3434 900 3491 est.

193 3531 362 3603 Cadaver.
385 3533 626 3604 macilentum
646 3546 744 3622 erat,
763 3536 1038 3631 superioribus
1060 3559 1132 3638 pra·

144 3651 273 3723 sertim
289 3649 463 3736 artubus,
478 3674 547 3722 nec
564 3666 689 3722 tamen
704 3649 934 3748 plurimum.
951 3653 1133 3730 Inferiores

145 3783 247 3838 artus
264 3767 335 3838 levi
351 3765 444 3837 adeo
460 3763 582 3837 affecti
593 3782 699 3838 erant
709 3765 924 3863 oedemate,
939 3789 987 3847 ut
1000 3765 1133 3863 viunisi

147 3883 263 3982 digito
273 3908 468 3982 appresso,
484 3883 741 3981 dignosceres,
753 3882 874 3983 idque
887 3914 940 3964 ue
952 3891 1002 3964 ad
1012 3906 1132 3966 sumus
