2580 4514
188 390 259 436 m.
279 387 336 436 111.
364 390 411 435 ne
427 387 563 436 nonus
581 389 751 452 vsurrus,
774 389 886 437 nnsr.
907 391 1044 437 xxxvn.
1073 365 1144 464 475

136 505 292 606 gentius
302 503 487 601 inspicias.
503 505 595 575 Viro
609 503 745 575 illustri
759 504 908 576 Hellero
919 508 931 598 (
942 506 994 600 ι),
1011 507 1072 577 cui
1090 522 1146 579 tot

137 640 177 697 et
199 640 278 696 tam
301 624 425 694 varios
446 637 639 719 exemptos
659 647 678 693 e
700 624 792 718 cysti
813 623 980 695 calculos
1002 648 1079 694 nou
1105 627 1146 696 in

137 730 280 841 aquam
295 742 505 839 conjicere,
527 740 592 813 sed
608 738 766 811 flamma
779 741 920 838 placuit
932 741 1149 832 admovere,

137 860 279 935 accidit
295 874 336 931 ut
352 873 485 958 praeter
511 883 576 930 eos
600 883 695 956 quos
718 859 898 931 calcarios
918 876 1041 946 vocat,
1060 861 1149 932 reli-

138 981 210 1079 qui
236 1002 370 1050 ornnes
397 976 584 1049 flammam
605 977 880 1074 conciperent,
903 979 940 1049 in
966 978 1023 1049 his
1050 979 1149 1074 nigri

138 1120 311 1194 quoque.
323 1095 393 1167 Sed
408 1121 500 1166 num
516 1096 625 1167 ctiam
641 1095 743 1167 intus
758 1097 883 1193 nigri?
900 1100 1008 1167 Certe
1021 1098 1148 1192 nigros
1163 1102 1167 1109 '

137 1213 300 1286 historia
315 1218 373 1303 II,
393 1218 447 1302 X,
473 1218 526 1283 XI
548 1212 785 1299 describens,
806 1216 846 1284 in
870 1212 959 1301 hac,
982 1216 1149 1310 itemque

136 1333 181 1405 in
200 1336 236 1403 X
254 1357 332 1404 non
350 1333 423 1405 nisi
440 1339 664 1404 exteriorem
680 1348 861 1410 crustam,
878 1357 956 1403 non
976 1334 1047 1403 nisi
1066 1356 1150 1401 cor-

136 1456 250 1523 ticem
268 1467 452 1524 memorat
476 1477 559 1550 quae
583 1457 692 1550 nigra
711 1448 871 1537 fuerint,
901 1453 940 1521 in
962 1455 994 1521 ll
1021 1466 1150 1521 autern

137 1567 297 1641 decusso
314 1575 449 1641 cortt'ce
465 1585 644 1658 extreme,
659 1576 780 1659 tenui,
792 1576 913 1668 nigro,
928 1574 1149 1657 successisse,
1164 1552 1166 1557 ¹

135 1689 215 1764 ait.
245 1686 417 1759 biliosum
427 1688 669 1786 flavadincm.
688 1689 809 1759 Aliam
827 1690 942 1787 igitur
966 1714 1011 1759 ex
1039 1711 1150 1758 accu-

136 1821 222 1878 rata
244 1806 496 1905 descriptione
526 1804 638 1878 luisse
662 1807 856 1905 intelligis,
885 1822 1058 1879 naturam
1084 1832 1150 1878 eo-

121 1950 230 1999 -rum
254 1925 344 2022 qui,
373 1925 588 2023 experiente
614 1927 717 2023 ipso,
744 1924 931 1997 flammam
965 1949 1150 2024 concepe-

135 2058 251 2130 runt,
280 2041 389 2113 aliam
415 2041 697 2140 illorumquos
722 2069 802 2114 non
824 2044 938 2115 morlo
967 2044 1149 2131 exteriuS,

136 2160 209 2235 sed
229 2161 389 2232 interius
414 2185 591 2258 quoque,
607 2175 670 2231 aut
690 2164 896 2259 praesertim
915 2163 1073 2233 interius
1094 2161 1150 2230 ni·
1193 2144 1212 2220 '-

136 2278 347 2379 gerrimos,
370 2277 561 2351 flammam
579 2282 711 2377 scripsi
730 2296 794 2350 aut
813 2304 891 2350 nou
908 2281 1150 2378 concepisse,

134 2411 306 2470 autnon
330 2421 516 2487 servasse,
535 2423 604 2497 per
629 2424 710 2497 quae
742 2399 977 2494 potissimum
1008 2398 1152 2495 experi-

135 2530 273 2588 menta
302 2515 415 2616 vulgo
442 2533 577 2589 notum
607 2514 747 2589 lactum
781 2530 857 2605 est,
885 2540 963 2588 esse
993 2519 1151 2612 eysticos

137 2633 332 2733 quosdam
364 2634 528 2707 calculos
562 2660 641 2706 non
677 2632 974 2706 inflammabiles.
1011 2634 1152 2728 Hisque
1256 2693 1261 2701 .

135 2752 239 2825 alios
263 2756 436 2849 quamvis
460 2778 539 2824 non
563 2755 712 2852 nigros,
736 2767 866 2850 postea
889 2752 1031 2848 adjeci,
1056 2774 1153 2848 quos

137 2869 302 2941 hicnon
322 2886 377 2941 est
395 2896 493 2967 opus
509 2895 819 2942 commemorare.

194 2978 360 3084 2790&
373 2989 531 3086 longum
547 2988 642 3061 adeo
662 3012 875 3060 sermonem
893 2985 940 3057 de
956 2984 1016 3057 his
1031 2985 1154 3056 calcu·

137 3105 189 3177 lis
210 3102 350 3177 factum
367 3108 574 3203 praesertim
590 3123 633 3179 ut
654 3106 843 3205 quandoe
864 3129 1024 3201 corpore
1046 3104 1154 3199 ejecti

138 3237 256 3309 sunt,
286 3221 576 3320 dignoscantur,
604 3226 680 3320 jam
707 3223 836 3295 verba·
853 3223 899 3295 de
929 3221 1062 3294 iisdem
1082 3220 1154 3305 ha-

139 3338 273 3415 benda
289 3354 376 3412 sunt
396 3365 483 3412 cum
500 3344 600 3413 intra
618 3367 723 3415 suam
743 3342 860 3413 latent
883 3339 1106 3426 vesiculam,
1125 3340 1155 3410 si
1227 3350 1231 3361 “

137 3456 228 3529 fieri
243 3462 697 3558 potest,c0gnoscendis;
718 3486 766 3532 ne
791 3459 888 3531 forte
909 3454 1069 3531 oblitum
1094 3480 1154 3526 me

139 3575 296 3665 credas,
313 3577 415 3650 unde
431 3579 542 3651 uobis
558 3581 597 3650 in
614 3580 712 3651 hanc
728 3581 992 3650 tractationem
1012 3578 1156 3673 ingres·

180 3954 230 4034 (ι)
250 3957 361 4031 Opucs.
378 3959 492 4033 pathol.
506 3959 570 4016 obs.
585 3959 632 4017 33.
