2580 4514
160 416 228 463 nn.
248 413 308 461 111.
336 414 384 461 nr
410 413 545 461 nonnis
564 413 735 476 verrius,
760 413 1015 461 nrrsr.xxr1v.
1045 391 1115 488 273

127 525 360 626 propendens
385 549 474 635 pars
499 526 685 622 quaepiam
704 526 822 596 instar
838 526 1058 632 appendicis
1072 528 1116 597 il·

132 636 207 735 iius,
223 646 262 717 in
282 644 417 738 hernia
431 644 555 740 aliqua
569 643 851 739 intercipiatur,
870 666 979 740 posse
992 643 1118 715 alvum

139 763 346 861 respondere
357 784 464 835 secus
475 782 526 833 'ac
540 784 627 832 cum
639 774 741 831 totus
757 761 996 857 intercipitur
1009 762 1119 835 intes·

141 875 191 949 tini
202 879 410 977 cujuspiam
425 877 549 951 tubus.
564 881 652 948 Esse
672 889 797 947 autem
815 876 1005 947 interdum
1025 902 1118 974 prae-

139 997 402 1069 ternatnruleur
430 996 554 1083 illam,
584 994 673 1066 alias
701 994 844 1090 aliquas
869 994 1117 1091 appendices,

137 1134 211 1211 quas
227 1129 263 1186 et
282 1112 501 1185 diverticula
517 1126 672 1199 vocant,
691 1111 907 1208 herniaeque
926 1098 1119 1183 sacculum

133 1230 244 1304 subire
264 1246 409 1309 certum
430 1244 508 1319 est,
524 1232 600 1304 sive
617 1229 688 1301 illae
707 1230 845 1300 sensim
861 1244 996 1327 praeter
1015 1244 1120 1301 natu·

127 1370 196 1421 nm
216 1347 495 1447 producantur,
513 1349 589 1420 sive
608 1372 629 1418 a
650 1349 771 1445 prima
798 1343 944 1445 origiue
960 1347 1117 1445 quibus·

123 1462 202 1539 darn
229 1464 455 1565 corporibus
485 1466 559 1538 sint
588 1464 691 1536 daur..
724 1469 820 1537 Cave
855 1466 955 1537 enim
988 1465 1120 1538 credas

119 1606 196 1657 esse
215 1599 497 1682 omnespraeter
521 1597 716 1670 naturam,
734 1585 940 1680 praesertirn
963 1607 1054 1655 vero
1074 1609 1121 1656 ex

119 1698 284 1773 intestini
317 1700 432 1773 latere
467 1702 506 1771 in
544 1701 683 1772 herniae
717 1700 908 1772 sacculum
944 1684 1121 1800 prolapso

119 1840 251 1891 omncs
265 1815 379 1890 fuisse
398 1815 633 1907 efform'atas3
658 1842 746 1889 narn
768 1817 985 1907 interdum,
1004 1834 1044 1890 ut
1062 1822 1120 1890 in-

119 1932 240 2032 bn(1)
256 1935 421 2024 dicetur,
439 1934 486 2007 ad
501 1961 544 2008 ea
561 1939 751 2034 pertinent
772 1937 948 2009 intestina
972 1961 1055 2034 quae
1073 1937 1122 2010 ab

119 2052 272 2127 sedibus
286 2052 423 2127 absunt
436 2054 476 2125 in
492 2054 632 2152 quibus
644 2043 785 2126 herniae
800 2055 1037 2153 contingunt.
1055 2058 1125 2126 Ita·

119 2194 194 2273 que
209 2196 297 2245 curu
314 2172 513 2268 Littrio(r')
528 2187 565 2243 et
575 2175 706 2268 Meryo
717 2171 772 2269 (3)
784 2170 954 2245 censebis
968 2169 1124 2268 quidem

119 2312 179 2365 ras
207 2289 439 2388 appendices
471 2313 565 2387 quas
597 2290 667 2387 ipsi
696 2289 889 2375 viderunt,
912 2291 978 2360 illo
1011 2287 1134 2364 fuisse.

119 2407 234 2481 modo
266 2405 444 2480 formatas
470 2423 535 2479 aut
560 2421 661 2478 certe
686 2421 842 2478 auctas:
867 2407 960 2504 quin
987 2408 1017 2478 si
1048 2422 1124 2480 tres

119 2524 216 2612 illas,
242 2550 338 2623 quas
356 2524 561 2597 Scbrokius
580 2524 638 2621 (4)
663 2523 756 2595 vidit
778 2526 817 2594 in
839 2523 1123 2596 adolescentulo

119 2644 261 2717 ventris
273 2642 492 2730 doloribus,
507 2641 572 2714 sed
585 2666 664 2712 non
682 2640 732 2712 ob
747 2634 917 2728 bernias,
935 2665 1017 2738 quae
1036 2622 1124 2713 nus·

119 2784 232 2858 quarn
252 2775 380 2848 erant,
401 2761 533 2857 saepius
548 2760 736 2847 cruciato,
751 2781 813 2830 eas
825 2783 980 2855 quoque
996 2783 1125 2830 amor-

119 2874 209 2951 bosa
228 2878 356 2976 aliqua
371 2901 481 2950 causa
500 2893 602 2949 ortos
617 2876 838 2948 adauctasve
851 2899 929 2948 esse
943 2876 1125 2967 volueris3

119 3016 198 3067 non
229 2996 395 3069 multum
432 2992 587 3067 fortasse
617 2994 854 3066 adversabor.
889 2998 935 3064 At
972 2995 1002 3066 si
1036 2993 1126 3067 alias

121 3111 319 3213 quasdam,
341 3126 381 3183 ut
400 3129 491 3210 puta
512 3137 630 3209 quaea
650 3111 906 3184 Weitbrechto
918 3109 973 3207 (5)
986 3112 1026 3181 in
1042 3136 1126 3183 mu·

120 3220 211 3305 licre
225 3228 470 3318 describitur,
492 3227 598 3302 fibris
620 3229 753 3303 eodem
778 3228 893 3300 modo
917 3253 960 3299 ac
985 3229 1025 3300 in
1045 3229 1126 3303 aliis

156 3552 206 3630 (1)
226 3554 266 3610 N.
282 3571 329 3625 17.

158 3652 206 3730 (o)
227 3655 317 3710 Mem.
331 3653 368 3710 de
380 3654 493 3711 l’Acod.
505 3657 579 3728 Roy.
591 3655 643 3712 des
656 3655 809 3727 Sciences,
823 3672 871 3711 on.
887 3673 972 3728 1700.

158 3750 207 3831 (3)
227 3754 319 3808 Mem.
335 3771 383 3808 an.
399 3773 471 3826 ¹7⁰1
484 3795 493 3826 ,
506 3755 570 3810 obs.
586 3775 611 3810 1.

161 3849 209 3930 (4)
229 3852 306 3927 Eph.
321 3854 358 3910 N.
370 3855 401 3911 C.
416 3865 493 3911 cent.
509 3855 544 3926 8,
557 3856 621 3912 obs.
638 3874 664 3911 1.
836 3896 838 3901 ·

163 3949 209 4028 (5)
231 3953 399 4013 coronent.
411 3955 506 4015 Acad.
521 3955 592 4032 imp.
606 3955 756 4031 Petropol.
768 3965 841 4012 tom.
859 3959 888 4024 4,

199 4052 233 4137 4.
418 4144 421 4149 ,
940 4046 982 4119 18
