2580 4514
137 540 252 621 quam
268 522 468 606 nominem,
478 542 526 591 ne
537 538 668 603 eorum
663 511 832 629 quidem
844 547 870 592 a
883 518 1015 639 quibas
1026 528 1145 596 nomi-

111 717 114 721 ,
137 645 257 710 uatem
258 644 497 738 provocatus
505 652 582 709 esse
582 612 736 727 adeor
746 638 836 710 sed
821 651 875 710 zta
884 642 1144 740 respondeam,

138 771 197 845 ut,
228 762 302 828 nisi
330 782 369 828 se
397 762 469 855 ipsi
488 746 682 843 iadicem,
709 781 786 828 non
815 781 942 829 omnes
968 754 1145 831 continuo

137 874 356 972 intelligant.
389 875 526 947 Veram
546 882 749 973 praecipua
777 900 915 963 causa,
929 903 1007 976 pro
1032 904 1076 949 eo
1101 896 1148 949 ac

137 992 272 1081 delae,
291 994 493 1086 miliifieit‚
512 987 619 1091 quad
631 998 750 1092 magis
765 1018 881 1092 qaam
900 992 1006 1066 illam
1019 1001 1148 1067 Histo-

108 1112 112 1119 ’
135 1118 245 1204 riam,
268 1104 607 1203 hascecrediclerim
615 1112 831 1184 morborum
841 1111 1149 1185 etdissectionum

142 1231 317 1306 historias
339 1231 518 1304 studiosa
534 1218 696 1318 iiostrae,
719 1250 793 1328 pro
814 1255 892 1330 qua
914 1237 1150 1328 potissimum

140 1353 278 1437 scriba,
291 1347 485 1446 lieven'tati
492 1350 720 1449 profuturas
733 1376 743 1418 :
758 1346 870 1446 hujus
891 1355 988 1420 enim
1008 1349 1151 1420 utilitas

143 1471 237 1542 milii
247 1462 512 1541 commendata
530 1481 586 1537 est
597 1492 623 1537 a
637 1469 998 1564 munificentissima,
1009 1466 1153 1538 eadem-

143 1610 216 1687 que
233 1590 419 1676 omnium,
436 1584 569 1683 utjare
581 1591 658 1685 ipse
672 1577 865 1684 appellas,
878 1590 1153 1684 sapientissima

38 1706 41 1712 ’
143 1702 368 1805 Republica,
388 1707 451 1777 cui
455 1727 557 1793 mea,
573 1702 855 1802 qualescumque
867 1714 936 1791 est,
950 1703 1156 1800 obsequen·-

145 1827 288 1896 tissima
306 1818 468 1895 desudat
482 1820 678 1893 industria.
700 1819 814 1914 Quod
828 1819 1012 1917 reliquum
1029 1835 1105 1907 esc,
1123 1828 1157 1892 si

146 1957 213 2015 tua
233 1941 328 2013 milii
347 1940 564 2013 hamanitas
590 1939 632 2011 id
660 1933 767 2038 quod
791 1944 895 2009 initio
928 1937 1098 2027 ostendi,
1119 1953 1156 2010 et

148 2063 329 2158 majorem
358 2066 396 2131 in
422 2053 576 2131 modam
607 2080 725 2155 roga,
746 2071 934 2156 praestare
965 2055 1149 2146 voluerit,

147 2201 287 2277 magna
304 2177 361 2249 ad
380 2184 515 2249 merita
538 2202 628 2275 erga
647 2199 707 2248 me
722 2191 808 2263 tua,
831 2180 886 2250 vin
901 2169 1150 2276 amplissime,

135 2296 215 2392 flet
229 2303 401 2369 accessio.
425 2291 529 2370 Vale.

199 2459 244 2528 Ι).
256 2456 416 2544 Patavii,
429 2455 527 2529 Prid.
539 2455 620 2526 Kal.
631 2452 820 2554 Septemb.
831 2457 872 2527 A.
885 2445 943 2526 cia
956 2477 992 2525 ιο
1009 2475 1109 2524 chx.
