2580 4514
221 390 294 437 mn.
316 389 370 434 111.
392 388 438 434 ns
458 386 593 434 uoams
610 387 777 451 vaurms,
795 389 905 436 nrtsr.
926 391 1076 437 xxxvur.
1110 368 1180 468 573

168 505 215 573 in
234 498 552 599 Sepulchreto(1)
571 498 741 584 relatam,
756 501 822 596 qui
841 517 972 574 contra
992 529 1035 574 ac
1052 521 1183 603 postea

169 619 313 692 Littrio
340 617 499 715 placuit,
527 642 548 687 a
572 618 728 714 copioso
759 618 1050 718 inordinateque
1075 625 1182 721 spiri·

118 770 134 793 2
167 750 288 836 'tuum
304 733 449 806 influxu
462 735 502 803 in
514 731 627 805 fibras
644 735 829 805 viscerum
849 734 1021 825 illorum,
1041 753 1183 838 tympa-

118 868 135 917 ·.
172 853 334 924 niticam
361 852 528 950 ipsorum
557 850 823 923 distentionem
841 853 1054 950 repetebat3
1075 861 1182 955 quasi

118 988 133 1036 ι
171 994 277 1047 vero¹
296 967 400 1041 fibrae
429 971 526 1040 circa
556 968 819 1040 membraneos
844 969 957 1042 tubos
978 971 1180 1070 disposite,

119 1144 127 1155 .
174 1111 263 1160 cum
287 1088 374 1186 ipsae
403 1084 601 1172 inflantur,
621 1110 700 1156 non
731 1084 868 1156 horum
898 1110 1029 1157 cavum
1057 1092 1181 1185 potius

119 1232 125 1277 :
176 1205 481 1303 constringerent
505 1203 799 1300 distentionique
819 1205 1044 1276 resisterent.
1064 1209 1181 1304 Equi-

118 1330 123 1400 ἐ
174 1319 264 1392 dem
293 1336 467 1419 praestare
481 1319 699 1408 credidero,
718 1336 760 1391 ut
779 1319 841 1390 hic
861 1346 904 1392 ex
923 1337 1084 1419 utraque
1102 1347 1182 1394 sen·

119 1506 121 1511 .
173 1439 294 1511 tentia
317 1439 464 1509 tertiam
491 1437 694 1535 quamdam
723 1419 920 1524 conflatam
956 1463 1179 1538 sequamur,

173 1556 443 1642 existimantes,
458 1554 631 1625 abnormi
642 1555 841 1651 spirituum
857 1553 1000 1627 influxu
1014 1572 1181 1631 contrac-
1214 1568 1219 1577 '

173 1685 232 1744 tas
250 1671 312 1743 hic
330 1671 427 1759 illie,
445 1687 482 1742 et
496 1672 741 1742 convulsione
759 1670 951 1746 adstrictas
969 1671 1101 1764 fibras,
1115 1702 1180 1747 na·

171 1788 316 1860 turales
332 1787 471 1859 horum
490 1787 671 1859 tuborum
700 1802 847 1877 motus,
876 1805 935 1879 et,
963 1792 1066 1888 quod
1093 1818 1180 1867 con·

172 1906 365 2009 sequitur,
382 1905 490 1975 multi
511 1920 548 1976 et
561 1904 723 1976 multum
742 1903 914 1977 rarefacti
933 1910 1028 1980 aeris
1047 1913 1179 2008 expul-

172 2025 321 2096 sionem
337 2023 600 2120 intercepisse,
620 2025 686 2120 qui
706 2039 906 2121 propterea
935 2021 1049 2098 fibras
1078 2032 1176 2101 caetel

171 2161 236 2212 ras
264 2139 303 2208 in
335 2139 379 2209 iis
407 2124 616 2236 in'quibus
649 2138 965 2226 concludebatur,
994 2143 1175 2218 tractibus

170 2269 280 2329 tanto
301 2257 416 2355 magis
430 2279 584 2353 urgens,
602 2268 744 2352 quanto
767 2257 883 2353 magis
900 2271 937 2327 et
951 2260 1058 2355 copia
1076 2275 1112 2331 et
1136 2265 1174 2333 vi

168 2372 401 2473 augebatur,-
433 2373 568 2444 harum
602 2372 756 2470 quidem
784 2375 948 2469 primum
978 2375 1113 2448 deinde
1137 2394 1174 2451 et

166 2490 318 2562 illarum
330 2514 490 2589 quarum
501 2513 701 2588 praegressa
712 2489 906 2561 convulsio
917 2490 1034 2562 robur
1045 2492 1175 2566 infrac-

166 2622 251 2679 tum
264 2607 491 2706 reliquerat,
511 2608 711 2704 pervicisse
725 2608 918 2697 renisum,
936 2609 1061 2707 sicque
1074 2609 1172 2682 infir-

167 2725 280 2796 matis
315 2723 495 2823 denique,
521 2725 726 2820 laxatisque
763 2724 958 2813 omnibus,
979 2730 1170 2802 universos

167 2841 286 2914 hosce
298 2841 411 2914 tubos
426 2842 608 2913 dilatasse.
623 2842 726 2913 Adeo
742 2858 865 2913 autem
882 2844 1042 2916 convelli
1060 2870 1169 2943 posse

168 2982 322 3032 carneas
338 2959 604 3031 intestinorum
614 2957 748 3045 fibras,
767 2975 808 3030 ut
821 2983 973 3032 omnem
991 2963 1170 3061 intercep-

165 3090 209 3148 to
228 3076 305 3146 aeri
329 3079 471 3148 exitum
492 3075 765 3164 intercludant,
784 3093 940 3174 repertae
963 3077 1065 3150 haud
1083 3103 1168 3152 raro

164 3194 208 3264 in
226 3191 513 3266 dissectionibus
543 3194 753 3264 arctissimae
777 3192 838 3264 hic
869 3193 944 3264 illic
974 3196 1169 3271 intestino·

163 3334 253 3382 rum
271 3312 557 3382 constrictiones
575 3309 790 3382 ostendunt.
816 3308 1074 3386 observatores
1092 3339 1168 3387 non

124 3453 130 3479 ¹
153 3432 282 3527 pauci
298 3443 491 3514 enarrant,
520 3428 644 3524 inquit
660 3427 704 3497 cl.
729 3432 840 3498 Corn.
862 3435 954 3500 Hen.
982 3432 1092 3503 Velse
1110 3433 1167 3530 (a)

162 3558 205 3616 et
221 3549 292 3642 ipsi
313 3550 351 3613 in
368 3545 607 3616 cadaveribus
630 3550 831 3642 saepissime
846 3546 1007 3617 vidimus
1024 3573 1035 3615 :
1055 3573 1167 3644 quum

204 3828 249 3906 (1)
271 3832 346 3887 Sect.
364 3825 428 3884 hac.
444 3847 498 3897 ar,
513 3828 544 3884 in
557 3825 649 3886 schol.
663 3827 702 3884 ad
717 3827 781 3883 obs.
798 3845 846 3883 aa.

202 3926 249 4006 (a)
269 3929 353 4006 Disp.
366 3930 403 3986 de
415 3939 519 3984 mutuo
534 3929 633 3985 intest.
646 3929 769 4006 ingress.
783 3946 813 4003 p.
831 3946 857 3997 1,
868 3930 889 3996 S.
900 3933 945 3992 ll·
