2580 4514
139 405 205 477 132
299 429 346 474 nn
373 426 518 475 sautans
543 427 586 472 rr
611 426 735 474 causis
760 419 968 478 monacnum

183 541 217 612 6.
234 540 431 611 Diarrhoea
449 565 535 610 cum
556 540 648 610 tussi
661 554 697 611 et
711 542 860 611 narium
876 545 1026 638 pruritu
1044 563 1118 614 con-

130 659 283 753 juncta,
301 656 576 727 lumbricorum
598 657 635 725 in
653 656 725 728 hoc
740 657 867 754 puello
880 661 1116 756 suspicionem

133 799 284 846 movere
314 789 488 871 poterat:
517 774 584 869 qui
616 773 712 843 nulli
738 788 864 846 tamen
886 790 973 847 sunt
998 776 1117 874 deprc-

131 891 252 962 hensi.
273 891 344 961 Sed
368 890 603 988 gingivarum
621 891 788 985 pruritus
807 915 937 988 reapse
954 890 1119 963 dentitio-

133 1031 219 1076 nem
237 1003 477 1103 significabat.
498 1005 557 1074 Sic
578 1006 678 1074 enim
689 1005 726 1076 is
744 1007 809 1101 qui
825 1006 904 1078 haec
922 1006 1120 1095 vidit,Val·

133 1124 233 1196 salva
262 1124 407 1194 censuit
437 1146 524 1193 cum
549 1121 849 1196 observationem
876 1112 982 1196 hanc'
1000 1127 1040 1195 in
1067 1147 1122 1197 suo

133 1265 249 1339 parvo
270 1240 395 1311 indice
411 1239 463 1310 sie
481 1237 706 1335 designavit,
725 1238 918 1311 diarrhaea
937 1265 1021 1334 cum
1044 1242 1122 1312 den·

134 1364 265 1429 titione
280 1355 347 1448 dis
367 1355 431 1426 cili
448 1370 564 1450 atque
585 1354 802 1428 convulsivis
816 1360 987 1430 motibus.
1007 1358 1127 1431 Denti·'

132 1477 185 1547 tio
201 1489 327 1546 autem
343 1496 457 1568 quam
477 1469 582 1542 facile
606 1472 869 1546 convulsion‘es
895 1475 1046 1562 excitet,
1066 1499 1122 1545 ne·

133 1618 207 1689 que
224 1593 398 1688 ignotum
418 1602 492 1675 cst,
510 1602 547 1659 et
568 1613 638 1660 nos
661 1590 750 1661 alias
767 1588 840 1687 (1)
860 1590 1013 1663 duobus
1033 1592 1079 1663 ad
1096 1606 1124 1662 te

134 1709 281 1805 scriptis
312 1703 467 1777 funestis
498 1701 685 1777 infantum
717 1707 865 1779 casibus
897 1707 1126 1780 confirmavi·

133 1850 238 1913 mus;
265 1824 376 1896 simul
405 1823 614 1894 indicantes
638 1822 705 1893 ubi
725 1825 1024 1914 ostenderimus,
1061 1849 1128 1924 qua

133 1944 279 2017 ratione
303 1940 375 2012 alvi
396 1939 518 2011 fluxus
538 1940 648 2010 etiam
670 1956 840 2030 moveat,
865 1958 902 2014 et
929 1967 1006 2039 qua
1022 1944 1086 2030 hi,
1105 1940 1131 2014 si

132 2063 232 2132 intra
261 2058 417 2129 modum
444 2058 537 2144 sint,
566 2058 830 2130 convulsiones
853 2074 1014 2132 arceant.
1043 2062 1135 2132 Hinc

133 2177 331 2272 intelligis,
349 2173 501 2245 cosdem
530 2172 672 2261 fluxus,
699 2176 766 2269 qui
795 2199 941 2273 semper
967 2177 1138 2275 alioquin

134 2320 214 2366 non
237 2295 319 2381 sine
350 2290 520 2388 periculo
546 2306 702 2388 repente
730 2316 775 2362 ex
799 2306 880 2364 toto
911 2293 1142 2380 subsistunt,

135 2428 277 2511 quanto
304 2410 438 2503 majori
467 2407 669 2479 subsistant
697 2433 742 2479 eo
764 2424 944 2507 tempore.
974 2413 1091 2502 Quod
1110 2410 1145 2486 si

135 2555 218 2629 quae
232 2528 485 2625 dejiciuntur,
503 2525 577 2595 sint
590 2524 746 2622 insuper
761 2525 977 2618 deterrima;
993 2554 1144 2603 cavero

135 2646 325 2733 cohibita,
344 2669 424 2713 non
444 2656 604 2712 mortem
620 2643 764 2732 solum,
790 2644 855 2715 sed
882 2644 1149 2737 celerrimam,

133 2763 409 2838 acerbissimam
437 2774 598 2858 possunt
623 2755 765 2831 afferre.
792 2762 859 2832 Hic
884 2778 1009 2832 autem
1032 2766 1148 2836 mali·

135 2906 207 2980 gna
228 2896 342 2977 atque
357 2877 496 2949 exitiali
510 2873 622 2947 fuisse
642 2892 790 2965 natura,
807 2893 991 2951 eteorum
1014 2882 1148 2972 color,

134 3015 171 3073 ct
188 2997 390 3094 singultus,
410 3009 447 3065 et
465 2992 697 3089 quicumque
711 2995 742 3065 is
756 2991 827 3065 fuit
840 2997 879 3065 in
896 2997 1148 3094 pinguedinis

134 3114 327 3215 particulis
341 3127 488 3198 motus,
506 3110 679 3182 insolitus
693 3111 788 3182 adeo
801 3127 844 3183 ut
856 3116 985 3210 paucis
1005 3132 1144 3212 praeter

134 3230 341 3306 Valsalvam
374 3228 412 3297 id
441 3227 661 3314 crederem,
693 3228 779 3299 satis
810 3253 1000 3327 superque
1034 3258 1144 3305 com·

134 3362 356 3420 monstrant.
375 3342 446 3413 Sed
466 3358 508 3412 ut
526 3342 714 3414 decolore
731 3359 878 3415 tantum
894 3345 1041 3437 dicam,
1058 3349 1137 3421 noli

135 3465 307 3550 credere,
327 3462 414 3558 quia
427 3460 636 3556 sanguineae
648 3461 815 3531 tincturae
830 3463 1059 3559 nigerrimus
1074 3467 1135 3538 itte

135 3582 313 3663 successit
337 3593 550 3675 egestorum
572 3577 695 3665 color,
713 3578 813 3649 >nihil
831 3578 909 3651 haec
928 3578 1041 3655 fuisse
1065 3583 1135 3656 nisi

174 3953 218 4034 (1)
235 3953 331 4030 Epist.
344 3969 378 4025 9,
393 3967 423 4004 n.
443 3953 473 4018 4,
487 3957 516 4003 et
527 3950 621 4024 Epist.
635 3966 687 4021 10,
702 3968 732 4004 n.
747 3969 775 4026 9.
