2580 4514
179 379 244 426 tm.
274 378 332 426 111.
361 378 408 426 DE
433 374 569 425 nottms
593 376 764 441 VERRIS,
790 375 900 424 utusr.
922 378 1034 424 xxm.
1063 380 1133 454 207

144 512 266 566 nosces
283 491 373 564 libri
387 495 433 579 V,
449 489 516 562 ubi
540 489 710 563 Vesanus
730 491 844 588 paulo
871 491 997 563 minus
1014 515 1140 590 presse

146 609 308 683 mmdem
347 632 473 680 casum
522 608 748 705 proposuit,
784 631 988 704 veramque
1027 610 1138 681 simul

147 750 240 827 qtram
263 728 308 800 iis
330 723 569 824 temporibus
586 724 649 796 ilie
675 748 755 795 non
774 739 942 823 poterat,
964 715 1135 824 experte

144 845 257 917 mitem
267 866 419 916 causam
435 841 637 940 intelligeS,
651 866 719 913 cur
733 843 881 913 interna
896 840 1137 914 hemorrhoi-

144 958 223 1032 dalis
235 984 331 1032 vena
344 961 414 1033 sub
428 958 503 1031 coli
518 963 681 1030 intestini
682 959 790 1055 fine,
807 973 846 1028 et
857 973 940 1050 ¹toto
953 967 1044 1030 recti
1054 960 1136 1032 lon·

136 1076 290 1173 p'tudine
309 1076 460 1176 pollicr‘s
475 1078 565 1169 fere
590 1081 792 1146 crassitiem
810 1091 989 1174 aequaret.
1019 1079 1136 1148 Nimi-

139 1214 214 1266 mm
233 1193 337 1265 baud
357 1191 564 1292 satisfacile
578 1207 682 1281 erat,
707 1193 927 1290 sanguinem
946 1217 1014 1290 per
1031 1193 1139 1290 jecur
1226 1279 1227 1284 ἵ

135 1310 315 1409 ejusmodi
335 1312 506 1383 transire
532 1308 605 1383 Sed
630 1333 700 1382 cur
724 1310 860 1407 igitur,
889 1310 1035 1408 inquis,
1058 1337 1137 1383 non

130 1422 290 1503 ubstiut
306 1427 346 1501 in
363 1427 444 1500 eliis
465 1429 606 1526 pariter
624 1428 730 1500 venis
748 1425 796 1498 ad
815 1442 1010 1526 portarum
1029 1444 1136 1501 trun·

127 1541 212 1637 epm
231 1543 533 1645 pertinentibus?
551 1551 696 1643 Nempe
715 1543 767 1617 ob
788 1544 861 1617 hoc
887 1545 984 1634 dixi,
1000 1561 1036 1619 te
1048 1569 1136 1618 cau·

126 1646 202 1737 iim
226 1663 331 1736 illam
352 1686 398 1734 ex
424 1677 544 1763 parte,
562 1662 692 1734 saltem
717 1687 796 1734 esse
827 1665 1011 1736 continuo
1042 1689 1135 1738 asse·

125 1796 314 1857 οιιῑιιιιιιιι.
340 1779 446 1854 udde
473 1781 604 1878 igitur,
631 1780 770 1851 utalia
797 1783 990 1871 omittam,
1017 1786 1134 1854 maxi·

121 1922 239 1989 mam,
259 1922 343 1997 quae
356 1899 456 1970 inter
471 1913 623 1975 caeteras
640 1897 721 1970 illas
744 1922 858 1970 venas
882 1897 971 1969 huic
989 1902 1056 1971 uni
1070 1926 1132 1999 pe·

121 2017 363 2106 culiarisest,
374 2012 669 2114 longitudinem,
680 2030 723 2086 ut
740 2015 861 2087 multo
875 2039 918 2086 ex
937 2014 1008 2088 hac
1019 2043 1133 2114 quam

121 2159 167 2207 ex
182 2134 278 2223 illis,
293 2131 482 2205 difficilius
499 2134 546 2205 sit
566 2118 788 2231 sanguinem
814 2136 1030 2230 promoveri
1053 2159 1135 2205 sur·

119 2272 225 2338 ιιιιιι,
251 2253 457 2350 presertim
473 2263 526 2322 ut
533 2249 690 2321 humani
714 2252 887 2350 corporis
904 2253 1062 2349 requirit
1085 2255 1131 2324 si-

119 2384 199 2458 me,
208 2390 298 2468 quae
314 2392 391 2440 una
403 2365 506 2440 haud
518 2366 633 2443 dubie
644 2392 690 2441 ex
704 2371 824 2441 causis
843 2384 917 2459 est,
931 2394 1050 2467 quare
1063 2371 1132 2441 alia

119 2486 331 2559 animantia
364 2462 709 2560 hemorrhoidibns
740 2510 819 2558 non
851 2492 925 2558 sint
955 2488 1139 2560 obnoxiu

119 2604 288 2697 Quod
260 2629 293 2676 si
311 2603 479 2705 quibus
471 2628 510 2675 ιιι
538 2603 763 2702 corporibus
779 2604 954 2703 expedito
983 2630 1130 2677 sursum

119 2704 318 2858 nuguitiis
332 2722 457 2794 motui
474 2721 682 2821 quodpiam
715 2737 770 2794 est
790 2706 1131 2821 impedimentum,

118 2841 223 2914 iniis
240 2862 408 2939 quaeras,
427 2862 497 2912 cur
520 2839 561 2923 iu
581 2838 697 2912 tibiis
707 2841 944 2938 potissimum
965 2866 1067 2911 venae
1092 2843 1131 2911 in

118 2959 264 3031 varices
284 2978 324 3030 se
349 2957 525 3046 dilatent,
557 2957 728 3028 eamdem
749 2957 936 3055 praecipue
965 2957 1133 3030 invenies

118 3096 272 3151 οιιιιιιιιι
292 3100 406 3174 quam
429 3074 774 3148 haemorrhoidibus
792 3076 1034 3172 assignamus.
1053 3081 1132 3147 Hae·

118 3191 363 3268 morrboides
384 3208 509 3265 autern
527 3189 626 3264 nibil
638 3191 837 3264 aliudesse
853 3218 967 3288 quam
986 3200 1133 3265 varices

117 3334 305 3387 marran
319 3316 406 3397 ani,
428 3311 564 3382 diserte
580 3309 640 3381 vel
659 3310 699 3380 in
718 3309 966 3408 Sepulchreto
989 3310 1043 3409 (ι’)
1066 3312 1132 3384 ba-

117 3429 187 3504 bes
210 3428 413 3502 docentem
429 3427 606 3498 Walaeum
622 3426 823 3526 :idemque
839 3427 913 3499 alio
930 3428 1016 3500 loco
1032 3431 1132 3528 leges

117 3545 410 3621 confirmantem
427 3545 701 3619 Boerhaavium
735 3547 812 3644 (a),
843 3545 908 3618 ubi
938 3546 1131 3647 aliquanto

121 3871 134 3893 .
156 3831 201 3910 (ι)
223 3834 261 3890 In
275 3831 377 3890 Schol.
389 3831 428 3887 ud
443 3788 476 3901 i,
494 3831 558 3888 obs.
572 3842 643 3888 sect.
660 3831 709 3888 cit.

155 3934 200 4012 (ι)
223 3933 359 3990 Praelect.
375 3931 422 3987 cit.
441 3931 510 4002 ads
529 3948 595 3986 ιιι.
