2580 4514
139 397 211 445 LIB.
239 399 296 443 111.
326 396 532 451 DEMORBIS
558 396 732 459 vaurms,
757 397 868 444 EPIST.
896 399 977 442 XXX.
1011 399 1073 444 101

66 509 207 598 dente,
230 525 370 582 conatu
389 508 568 580 vomendi
588 509 738 580 assiduo
765 509 992 607 angebatur,
1013 509 1080 582 sed

66 645 206 726 praeter
234 626 400 699 remedia
429 642 465 697 et
495 626 692 714 alimenta,
718 652 883 724 quorum
915 629 1080 700 retinere

67 745 220 817 nullum
234 761 400 844 poterat,
419 769 558 842 pauca,
575 760 612 815 et
629 769 732 833 rare,
747 759 783 815 e't
797 745 875 815 haec
896 770 1016 842 aquea
1034 770 1078 817 ac

65 850 143 934 fere
160 887 288 934 amara
299 861 507 936 evomebat.
520 861 577 932 Ad
590 862 667 933 haec
683 861 932 959 torquebatur
944 889 1078 961 magna

65 982 146 1070 siti,
180 980 324 1053 crebris
348 979 573 1078 quibusdam
602 981 718 1050 animi
745 978 1021 1053 defectionibus
1041 995 1079 1053 et

66 1097 201 1181 dolore
216 1100 422 1196 praesertim
451 1122 529 1167 non
548 1110 654 1169 secus
674 1123 715 1168 ac
739 1099 769 1169 si
786 1095 983 1169 a'canibus
1006 1099 1078 1170 dis·
1158 1092 1166 1123 ²

70 1232 294 1314 cerperetur
313 1215 365 1286 ad
379 1207 599 1293 communes
623 1213 717 1286 fines
739 1214 904 1287 thoracis
929 1231 965 1285 et
988 1242 1078 1287 ven-

66 1335 158 1405 tris:
182 1359 296 1430 quem
316 1333 346 1405 si
369 1347 560 1436 tangereS,
581 1333 667 1403 duri
687 1349 751 1404 aut
778 1334 975 1404 renitentis
999 1359 1078 1431 per·

67 1453 195 1549 cipere
221 1450 317 1520 nihil
337 1469 475 1548 posses.
500 1455 594 1520 Cum
614 1450 695 1538 his,
708 1450 920 1547 humilique
940 1450 1076 1549 pulsu,

66 1571 162 1640 intra
176 1567 424 1639 undecimum
441 1568 591 1639 circiter
603 1567 703 1639 diem
716 1583 771 1639 est
784 1583 967 1647 mortuus.
981 1572 1077 1639 Ven-

69 1703 121 1758 tre
137 1702 271 1784 aperto
284 1741 293 1774 ,
307 1687 416 1782 jecur
428 1688 632 1756 maximum
652 1701 897 1784 conspectum
916 1701 991 1776 est,
1011 1684 1077 1758 sed

64 1830 210 1877 sanum.
235 1810 330 1874 Sana
346 1828 501 1902 quoque
517 1805 698 1876 intestina
712 1794 750 1874 et
763 1803 1007 1875 ventriculus.
1029 1792 1076 1874 E't

61 1922 333 1996 mesenterium
345 1921 499 2018 quidem
520 1946 599 1991 non
615 1923 695 1994 sine
711 1921 836 2019 aliqua
849 1921 1076 1995 obstructio·

63 2067 123 2112 ne.
152 2039 227 2111 Sed
250 2063 432 2137 pancreas
456 2064 565 2136 aequo
586 2039 706 2134 majus
731 2053 931 2137 totumque
949 2055 990 2131 ⁸et
1010 2054 1074 2118 tu·
1157 2087 1159 2092 -

60 2156 519 2246 berculissubrotundis,
542 2181 667 2253 neque
690 2158 854 2254 exiguis,
876 2152 1075 2254 inaequale,

61 2293 103 2349 et
115 2277 254 2349 duritie
263 2274 317 2365 ,ad
335 2275 615 2372 cartilagineam
633 2274 847 2346 accedente.

111 2399 156 2465 ln
166 2394 322 2466 thorace
333 2393 517 2480 multum,
536 2394 577 2462 in
593 2391 806 2489 pericardio
820 2409 946 2464 autem
960 2393 1075 2492 pluri·
1182 2471 1185 2481 ,

65 2538 169 2586 mum
183 2512 405 2608 aquae,ejus
423 2510 552 2582 similis
574 2511 613 2579 in
639 2533 714 2608 qua
734 2534 821 2582 caro
843 2535 976 2583 recens
998 2511 1075 2582 lota

63 2646 129 2702 est.
154 2633 233 2702 Cor
253 2627 362 2699 valde
379 2645 561 2726 parvum:
579 2628 620 2710 in
633 2629 790 2725 ejusque
808 2628 975 2699 auricula
990 2629 1075 2699 dex·

66 2763 143 2820 tera
154 2747 351 2846 quidpiam
368 2744 565 2817 albicantis
577 2745 769 2843 polyposae
785 2747 1048 2819 concretionis.
1077 2734 1085 2747 ’

117 2892 171 2938 11.
191 2870 269 2938 Cur
290 2880 459 2935 tumores
477 2864 713 2994 pancreatis,
735 2863 808 2933 nisi
829 2860 925 2934 forte
945 2879 982 2934 et
1004 2866 1075 2964 ipsi

68 2983 218 3054 maximi
234 2983 331 3070 sint,
349 2996 387 3052 et
408 3005 495 3083 aegrr
506 2980 614 3052 valde
628 2981 838 3067 macilenti,
854 2977 1075 3083 difficillime

67 3116 169 3172 tactu
184 3099 331 3198 percipi
346 3113 505 3195 queant,
521 3114 668 3171 retrusa
676 3099 828 3170 visceris
843 3098 949 3200 sedes
970 3098 1075 3191 facit,

68 3233 104 3290 et
117 3215 308 3316 quidquid
322 3215 451 3287 manui
462 3239 501 3305 sp
519 3217 748 3314 interponit,
764 3219 968 3315 praesertim
984 3244 1075 3290 vero

70 3351 224 3433 turgens
237 3331 388 3406 flatibus
404 3333 636 3405 ventriculus
652 3349 716 3405 aut
730 3334 863 3428 jecur,
879 3350 920 3405 ut
936 3336 987 3419 in
1001 3333 1077 3406 hoo

70 3454 168 3539 viro,
186 3450 310 3549 ampla
326 3466 362 3521 et
376 3450 526 3522 dilatata
539 3451 809 3548 magnitudine.
827 3455 911 3543 Qua
926 3453 965 3522 in
983 3451 1078 3527 diffi-

74 3571 206 3641 cultate
224 3567 363 3665 quibus
377 3569 457 3641 aliis
474 3569 589 3666 signis
609 3571 664 3639 uti
684 3569 809 3657 liceat,
830 3577 918 3641 cum‘
936 3569 1077 3642 indica-¹

76 3703 129 3758 ret
144 3687 316 3758 Riverius
333 3684 465 3784 (1),in
483 3687 526 3757 iis
540 3685 702 3785 petenda
720 3714 740 3758 a
757 3664 1078 3789 proximiventri-

696 3866 700 3874 ,
792 3849 1078 3868 Μ

112 3944 155 4022 (ι)
173 3945 346 4002 Prax.med.
361 3945 451 4018 l.13,
469 3965 494 4002 c.
512 3953 542 4013 4.
624 3982 637 4001 -.
699 3906 703 3928 .
