2580 4514
140 374 208 445 192
313 370 356 414 DE
382 367 528 415 ssnltstts
553 368 596 412 ET
623 365 747 411 causls
773 362 996 417 nonnosum,

137 481 314 569 faecibus,
334 495 442 550 certae
460 477 612 550 infantis
631 477 746 548 morti
762 501 902 575 anceps
926 477 1069 573 cusatio
1085 481 1122 546 est

136 597 379 701 praeserenda.
391 601 522 693 Neque
535 597 635 667 enim
656 595 737 665 itaa
752 609 885 665 natura
903 618 990 666 cum
1007 591 1123 666 ceteris

136 714 394 789 animantibus
409 730 530 785 actum
553 728 625 799 est,
641 728 682 783 ut
698 735 784 783 cum
805 712 949 784 insecto
967 706 1125 808 illo'quod

134 859 158 905 a
170 833 284 943 Gadis
302 833 438 903 dicitur
450 828 723 916 Formica-lea,
737 831 817 918 cui,
830 828 1061 915 secundum,
1078 827 1129 900 ob·

1182 363 1185 405 Ι

137 951 368 1022 servationes
387 949 558 1021 historici
576 948 807 1018 insectorum
819 946 1133 1049 incomparabilis,
1183 990 1185 997 ·

135 1068 353 1140 Reaumurii
365 1067 437 1164 (1),
450 1091 521 1137 nec
542 1064 667 1162 podex
687 1080 761 1152 est,
777 1089 849 1137 nec
867 1064 1061 1137 sensibilia
1079 1063 1136 1135 alvi

116 1199 384 1256 excrementa.
399 1182 512 1273 Quod
533 1184 563 1253 si
581 1205 714 1270 vacca,
734 1181 782 1253 de
795 1207 870 1280 qua
881 1180 1137 1277 Aristoteleds)

137 1327 275 1400 eaquae
293 1315 491 1399 acceperat
514 1300 705 1371 memorie
730 1299 902 1386 tradidit,
928 1300 1060 1373 clauso
1085 1323 1140 1398 po-

137 1419 220 1501 dice
234 1417 305 1490 fuit
318 1417 525 1506 Perinthii,
540 1423 601 1490 cai
611 1420 685 1489 cibi
691 1432 966 1490 excrementum
976 1433 1142 1497 extenua,-

137 1550 236 1624 tam,
256 1561 329 1634 per
351 1541 516 1605 vesicam
541 1537 881 1624 transmittebatur,
903 1534 1144 1634 dissectusque

136 1679 233 1724 anus
254 1652 378 1723 denuo
397 1678 566 1751 propere
584 1653 833 1741 coalescebat,
853 1678 922 1725 nec
947 1651 1143 1726 resecando

32 1776 37 1785 '
139 1776 304 1844 evincere
319 1776 453 1840 vitiam
462 1785 669 1869 poterant,
686 1795 822 1868 nempe
839 1770 1021 1842 ultimum
1040 1772 1144 1843 intes.
1179 1770 1182 1778 ’

136 1888 261 1960 tinum
280 1886 458 1973 fortasse,
479 1903 521 1960 ut
541 1914 611 1986 ego
629 1890 820 1987 suspicor,
839 1891 878 1958 in
903 1891 1075 1965 vesicam,
1090 1889 1144 1963 de·

138 2005 308 2094 sinebat,
338 2005 491 2078 inutiles
509 2020 635 2078 autem
656 2009 841 2079 sectiones
863 2032 906 2079 ea
929 2033 1016 2105 quae
1040 2008 1143 2106 paulo

138 2138 225 2195 ante
241 2123 334 2211 dixi,
346 2139 410 2194 aut
426 2123 473 2195 de
489 2123 738 2222 perveniendi
756 2124 849 2197 illuc
866 2149 943 2222 quo
962 2150 1066 2223 opus
1077 2139 1143 2210 est,

139 2257 205 2313 aut
232 2242 278 2312 de
306 2242 372 2312 viae
391 2240 438 2312 ab
458 2258 592 2314 natura
616 2257 752 2340 apertae
778 2240 1026 2315 occludendae
1054 2241 1144 2325 diffi-

140 2360 277 2431 cultate
290 2357 527 2433 confirmant.
541 2363 672 2459 Neque
686 2362 757 2433 alia
774 2359 868 2431 mihi
881 2363 1049 2460 suspicio
1063 2363 1144 2441 olim

140 2475 229 2561 fuit,
248 2502 335 2550 cum
353 2479 532 2551 Bononiae
565 2503 643 2550 esse
674 2479 859 2577 virginem
893 2478 1040 2565 audivi,
1071 2458 1146 2579 que

140 2594 237 2667 nihil
257 2621 326 2694 per
342 2597 542 2686 intestina,
561 2596 627 2669 sed
657 2600 805 2684 omnia,
830 2596 1012 2671 dissoluta
1039 2580 1146 2687 lotio,

140 2713 318 2801 redderet
335 2739 403 2811 per
427 2715 600 2787 vesicam.
620 2720 664 2785 In
682 2739 796 2813 quam
816 2740 895 2787 non
920 2716 1039 2789 semel
1059 2714 1147 2799 illud

139 2833 360 2904 intestinum
373 2857 412 2904 se
422 2833 641 2920 inseruisse,
657 2850 754 2921 tres,
775 2858 866 2930 quas
881 2834 920 2905 in
932 2834 1148 2932 Sepulchra·

139 2964 180 3020 to
193 2949 247 3046 (3)
265 2952 488 3046 conjunctas
499 2949 637 3039 habes,
657 2951 942 3023 observationes
955 2967 1147 3044 testantur,

140 3081 204 3138 aut
218 3083 318 3138 certe
337 3066 418 3138 duae
429 3122 444 3157 ,¹
459 3069 490 3138 si
502 3069 609 3139 tertia
624 3069 753 3140 eadem
766 3095 809 3141 ac
824 3068 1146 3169 primaest,·qu0.d

141 3186 252 3256 citata
268 3186 308 3255 in
328 3185 392 3256 illa
411 3186 527 3257 sectio
547 3185 626 3256 haec
645 3191 717 3258 XII
737 3193 748 3269 t
754 3190 792 3284 4)
803 3187 953 3260 videtur
969 3190 1144 3263 indicare

139 3303 251 3393 Quod
271 3304 302 3375 si
329 3327 444 3374 nemo
471 3296 608 3374 eorum'
628 3306 752 3402 quiin
777 3306 837 3379 his
859 3304 1146 3399 describuntur,

244 3620 384 3678 Me'moir.
401 3639 480 3696 pour
491 3623 586 3680 l'Hist.
602 3623 653 3680 des
670 3627 798 3695 Insect,
812 3637 886 3683 tom.
899 3627 934 3700 6,
943 3627 1036 3687 'mem
1054 3649 1099 3688 10.

227 3716 289 3777 'De
302 3732 432 3797 generat.
447 3724 565 3780 animal.
581 3725 601 3779 1.
616 3732 632 3792 t
641 3765 650 3795 ,
669 3745 695 3782 c.
710 3727 771 3792 tin
785 3727 837 3783 fin.
