2580 4514
199 344 274 417 nne
296 343 352 391 111.
381 343 428 395 ut
454 341 589 420 nonius
614 342 782 406 vaurms,
801 344 912 414 tusa.
934 345 1060 398 xxx111.
1090 321 1159 403 215
1260 373 1263 379 ·

180 775 420 867 nalsrota
445 761 942 869 latretano-ueniet,
965 780 1124 865 xxxin.

288 1013 431 1106 Agitur
446 1009 494 1082 de
514 1013 619 1085 necti
632 1013 802 1101 Intestini
818 1008 1014 1115 Prolupsu.
1047 1043 1049 1045 ·

144 1225 232 1355 Du
247 1281 426 1379 prolapsu
440 1282 533 1353 reoti
549 1282 716 1354 intestini
743 1306 822 1352 non
848 1280 964 1354 modo
991 1282 1095 1356 nulla
1112 1284 1151 1360 in

144 1398 398 1497 Sepulchreto
422 1401 634 1473 anatomieo
658 1399 774 1471 sectio
806 1414 880 1486 est;
906 1384 1043 1473 sedne
1068 1399 1152 1475 ultae

143 1516 302 1616 quidem
322 1539 483 1612 usquam
502 1531 648 1609 extant,
674 1531 857 1614 quantum
882 1517 961 1614 ipse
990 1518 1029 1589 in
1057 1542 1151 1615 prae·

142 1634 267 1733 sentia
281 1635 438 1707 memini
451 1635 668 1705 anatomicae
681 1632 971 1706 observationes.
990 1633 1149 1722 Quibus,

140 1738 325 1848 tanquam
354 1749 472 1824 firmis
500 1748 755 1831 lundamentis
775 1775 867 1833 eum
896 1752 1007 1824 inniti
1031 1752 1148 1827 soleat
1253 1845 1256 1851 ι

139 1865 332 1966 quidquid
363 1868 471 1939 solidi
504 1869 897 1971 circaplerorurnque
924 1867 1147 1944 morborum
1267 1902 1276 1919 ·

138 1987 311 2057 internas
336 1987 501 2083 origines
528 2001 566 2061 et
592 1987 831 2062 continentes
855 2010 983 2061 causas
1010 1987 1147 2061 medici

137 2103 430 2189 ratiocinantur3
445 2119 647 2202 propterea
667 2103 769 2181 haud
797 2106 936 2183 mirum
954 2118 1012 2179 est
1028 2104 1075 2176 de
1098 2098 1146 2175 eo

138 2219 281 2294 morbo
294 2219 457 2299 necdum
474 2220 680 2316 prodiisse,
697 2237 761 2293 aut
776 2235 876 2292 certe
894 2244 994 2295 meas
1009 2221 1055 2294 ad
1074 2243 1148 2303 ma·

137 2362 212 2413 nus
239 2338 452 2434 pervenisse
475 2353 695 2424 tractatum,
716 2338 864 2436 qualem
885 2339 932 2410 de
949 2337 1145 2424 nonnullis

136 2457 201 2527 vel
224 2454 433 2534 rarioribus
457 2455 707 2533 levioribusve
725 2457 822 2528 vitiis
848 2455 1052 2544 habemus,
1076 2457 1144 2552 qui
1267 2541 1272 2553 Ι

138 2572 229 2646 satis
247 2571 422 2647 videlicet
431 2574 633 2671 praelucere
642 2589 681 2646 et
695 2575 865 2653 minuere
878 2573 1047 2651 laborem
1064 2597 1145 2670 pos-

138 2692 186 2762 sit
200 2689 262 2768 his
282 2689 420 2786 quibus
432 2716 545 2790 super
559 2692 624 2767 illo
639 2693 818 2791 prolapsu
837 2690 950 2763 verba
970 2692 1043 2761 sint
1064 2714 1142 2761 non
1240 2699 1244 2707 ’

136 2822 285 2881 temere
298 2810 590 2907 inconsultoque
613 2808 790 2882 iacienda.
811 2813 896 2900 Quo
914 2832 984 2879 nos
1007 2822 1143 2887 tracta-

136 2940 181 2997 tu
194 2949 323 2995 carere
339 2951 535 3022 nunquam
548 2929 665 3024 magis
682 2928 860 3016 intellexi,
874 2950 987 3023 quam
999 2949 1085 2996 cum
1099 2925 1143 3005 il·

137 3042 207 3115 lud
229 3067 250 3112 a
268 3069 326 3114 tne
344 3044 545 3119 eonsilium
565 3047 761 3142 quaesitum
781 3060 854 3127 est,
883 3043 990 3140 cujus
1018 3052 1157 3128 exem?

137 3161 248 3256 plum
275 3160 344 3233 tibi
364 3162 440 3257 jam
467 3162 532 3234 diu
554 3164 714 3260 petenti,
741 3187 825 3233 cum
845 3161 906 3236 his
923 3161 1056 3235 litteris
1082 3185 1142 3236 me

140 3302 226 3352 sum
239 3278 432 3375 pollici-tus
447 3305 525 3352 esse
538 3283 752 3359 missurum.
766 3264 874 3352 Mitto
892 3295 1016 3355 autem
1033 3278 1142 3375 quale

139 3392 337 3482 wulfadi,
355 3397 426 3471 nisi
443 3397 549 3497 quod
565 3397 627 3469 hic
656 3397 725 3471 tibi
745 3398 857 3476 latine
875 3395 1033 3477 reddidi.
1054 3401 1143 3484 Quae

139 3535 233 3588 vero
252 3514 324 3600 sic,
356 3529 398 3584 ut
419 3515 592 3606 consilia,
612 3531 676 3591 aut
693 3517 814 3593 statim
843 3512 943 3599 fere,
966 3529 1029 3585 aut
1045 3514 1144 3596 intra

142 3653 356 3728 perpaucos
375 3631 451 3707 dies
465 3631 513 3706 ab
531 3634 792 3730 aegrotantium
814 3630 1146 3727 amieisflagitata,
1181 3693 1186 3703 .

142 3770 251 3823 ame
286 3747 441 3845 quidem
467 3747 701 3837 funduntur,
732 3749 874 3831 nullam
901 3750 978 3829 seio
1006 3746 1147 3823 ha'bere

142 3867 300 3962 gratiam
316 3889 445 3962 posse,
460 3869 533 3939 nisi
549 3868 755 3945 celeritatis.
766 3864 1023 3958 Quamobrem
1037 3864 1150 3952 nemi,-
1234 3932 1241 3953 ,
