<?xml version="1.0" encoding="UTF-8"?>
<!DOCTYPE html PUBLIC "-//W3C//DTD XHTML 1.0 Transitional//EN"
    "http://www.w3.org/TR/xhtml1/DTD/xhtml1-transitional.dtd">
<html xmlns="http://www.w3.org/1999/xhtml" xml:lang="en" lang="en">
 <head>
  <title>
</title>
<meta http-equiv="Content-Type" content="text/html;charset=utf-8" />
  <meta name='ocr-system' content='tesseract 3.04.00' />
  <meta name='ocr-capabilities' content='ocr_page ocr_carea ocr_par ocr_line ocrx_word'/>
</head>
<body>
  <div class='ocr_page' id='page_1' title='image "./desedibusetcaus00adelgoog_0672.png"; bbox 0 0 2580 4514; ppageno 0'>
   <div class='ocr_carea' id='block_1_1' title="bbox 142 87 1181 188">
    <p class='ocr_par' dir='ltr' id='par_1_1' title="bbox 142 87 1181 188">
     <span class='ocr_line' id='line_1_1' title="bbox 142 87 1181 188; baseline 0.007 -32"><span class='ocrx_word' id='word_1_1' title='bbox 142 171 147 175; x_wconf 15' lang='lat' dir='ltr'><strong>q</strong></span> <span class='ocrx_word' id='word_1_2' title='bbox 221 108 290 157; x_wconf 81' lang='lat' dir='ltr'><strong>m.</strong></span> <span class='ocrx_word' id='word_1_3' title='bbox 311 107 367 157; x_wconf 83' lang='grc' dir='ltr'><strong>ιιι.</strong></span> <span class='ocrx_word' id='word_1_4' title='bbox 389 109 435 157; x_wconf 77' lang='lat' dir='ltr'><strong>ns</strong></span> <span class='ocrx_word' id='word_1_5' title='bbox 454 109 591 158; x_wconf 81' lang='lat' dir='ltr'><strong>rronms</strong></span> <span class='ocrx_word' id='word_1_6' title='bbox 607 110 776 175; x_wconf 80' lang='lat' dir='ltr'><strong>vaurms,</strong></span> <span class='ocrx_word' id='word_1_7' title='bbox 794 113 906 161; x_wconf 77' lang='lat' dir='ltr'><strong>rrasr.</strong></span> <span class='ocrx_word' id='word_1_8' title='bbox 928 113 1079 162; x_wconf 82' lang='lat' dir='ltr'><strong>xxxvm.</strong></span> <span class='ocrx_word' id='word_1_9' title='bbox 1100 87 1181 188; x_wconf 72' lang='lat'><strong>679</strong></span> 
     </span>
    </p>
   </div>
   <div class='ocr_carea' id='block_1_2' title="bbox 138 208 1283 3258">
    <p class='ocr_par' dir='ltr' id='par_1_2' title="bbox 138 208 1283 3258">
     <span class='ocr_line' id='line_1_2' title="bbox 160 208 1181 327; baseline 0.001 -28"><span class='ocrx_word' id='word_1_10' title='bbox 160 218 255 299; x_wconf 63' lang='lat' dir='ltr'><strong>buo</strong></span> <span class='ocrx_word' id='word_1_11' title='bbox 268 222 343 327; x_wconf 66' lang='lat' dir='ltr'><strong>erit</strong></span> <span class='ocrx_word' id='word_1_12' title='bbox 355 221 474 320; x_wconf 79' lang='lat' dir='ltr'><strong>copia.</strong></span> <span class='ocrx_word' id='word_1_13' title='bbox 494 221 565 297; x_wconf 87' lang='lat' dir='ltr'><strong>Sed</strong></span> <span class='ocrx_word' id='word_1_14' title='bbox 583 208 671 298; x_wconf 80' lang='lat' dir='ltr'><strong>eum</strong></span> <span class='ocrx_word' id='word_1_15' title='bbox 689 223 888 323; x_wconf 68' lang='lat' dir='ltr'><strong>harcadm</strong></span> <span class='ocrx_word' id='word_1_16' title='bbox 902 224 1105 299; x_wconf 77' lang='lat' dir='ltr'><strong>increverit</strong></span> <span class='ocrx_word' id='word_1_17' title='bbox 1112 265 1124 311; x_wconf 84' lang='lat'><strong>·‚</strong></span> <span class='ocrx_word' id='word_1_18' title='bbox 1136 242 1181 300; x_wconf 86' lang='lat' dir='ltr'><strong>ut</strong></span> 
     </span>
     <span class='ocr_line' id='line_1_3' title="bbox 160 326 1181 444; baseline 0.002 -29"><span class='ocrx_word' id='word_1_19' title='bbox 160 330 324 426; x_wconf 39' lang='lat' dir='ltr'><strong>,viantem</strong></span> <span class='ocrx_word' id='word_1_20' title='bbox 341 326 670 437; x_wconf 69' lang='lat' dir='ltr'><strong>quemadmodum</strong></span> <span class='ocrx_word' id='word_1_21' title='bbox 688 341 727 412; x_wconf 88' lang='lat' dir='ltr'><strong>in</strong></span> <span class='ocrx_word' id='word_1_22' title='bbox 747 339 1018 440; x_wconf 80' lang='lat' dir='ltr'><strong>Meekrenii(1)</strong></span> <span class='ocrx_word' id='word_1_23' title='bbox 1033 345 1181 444; x_wconf 82' lang='lat' dir='ltr'><strong>pictura</strong></span> 
     </span>
     <span class='ocr_line' id='line_1_4' title="bbox 161 453 1181 555; baseline 0.005 -26"><span class='ocrx_word' id='word_1_24' title='bbox 161 453 297 551; x_wconf 59' lang='lat' dir='ltr'><strong>rides,</strong></span> <span class='ocrx_word' id='word_1_25' title='bbox 312 456 360 529; x_wconf 87' lang='lat' dir='ltr'><strong>ad</strong></span> <span class='ocrx_word' id='word_1_26' title='bbox 383 457 503 529; x_wconf 88' lang='lat' dir='ltr'><strong>media</strong></span> <span class='ocrx_word' id='word_1_27' title='bbox 517 456 661 529; x_wconf 78' lang='lat' dir='ltr'><strong>femora</strong></span> <span class='ocrx_word' id='word_1_28' title='bbox 678 473 741 528; x_wconf 89' lang='lat' dir='ltr'><strong>aut</strong></span> <span class='ocrx_word' id='word_1_29' title='bbox 760 457 806 529; x_wconf 87' lang='lat' dir='ltr'><strong>ad</strong></span> <span class='ocrx_word' id='word_1_30' title='bbox 827 477 948 555; x_wconf 84' lang='lat' dir='ltr'><strong>genua</strong></span> <span class='ocrx_word' id='word_1_31' title='bbox 968 456 1067 547; x_wconf 85' lang='lat' dir='ltr'><strong>fere,</strong></span> <span class='ocrx_word' id='word_1_32' title='bbox 1084 464 1181 535; x_wconf 85' lang='lat' dir='ltr'><strong>sicut</strong></span> 
     </span>
     <span class='ocr_line' id='line_1_5' title="bbox 138 572 1179 673; baseline 0.003 -25"><span class='ocrx_word' id='word_1_33' title='bbox 138 572 371 671; x_wconf 68' lang='lat' dir='ltr'><strong>¹lieltaigius</strong></span> <span class='ocrx_word' id='word_1_34' title='bbox 394 574 453 672; x_wconf 78' lang='lat' dir='ltr'><strong>(a)</strong></span> <span class='ocrx_word' id='word_1_35' title='bbox 481 575 678 665; x_wconf 75' lang='lat' dir='ltr'>describit,</span> <span class='ocrx_word' id='word_1_36' title='bbox 707 575 965 673; x_wconf 81' lang='lat' dir='ltr'><strong>propendeat,</strong></span> <span class='ocrx_word' id='word_1_37' title='bbox 985 576 1063 648; x_wconf 87' lang='lat' dir='ltr'><strong>imo</strong></span> <span class='ocrx_word' id='word_1_38' title='bbox 1088 577 1179 652; x_wconf 83' lang='lat' dir='ltr'><strong>hinc</strong></span> 
     </span>
     <span class='ocr_line' id='line_1_6' title="bbox 159 689 1178 790; baseline 0.005 -27"><span class='ocrx_word' id='word_1_39' title='bbox 159 712 301 778; x_wconf 75' lang='lat' dir='ltr'><strong>crura,</strong></span> <span class='ocrx_word' id='word_1_40' title='bbox 319 691 407 763; x_wconf 85' lang='lat' dir='ltr'><strong>inde</strong></span> <span class='ocrx_word' id='word_1_41' title='bbox 432 706 554 764; x_wconf 89' lang='lat' dir='ltr'><strong>totum</strong></span> <span class='ocrx_word' id='word_1_42' title='bbox 570 708 722 790; x_wconf 86' lang='lat' dir='ltr'><strong>pectus,</strong></span> <span class='ocrx_word' id='word_1_43' title='bbox 733 708 777 765; x_wconf 87' lang='lat' dir='ltr'><strong>ut</strong></span> <span class='ocrx_word' id='word_1_44' title='bbox 794 689 967 764; x_wconf 79' lang='lat' dir='ltr'><strong>Paifioius</strong></span> <span class='ocrx_word' id='word_1_45' title='bbox 986 692 1039 788; x_wconf 71' lang='lat'><strong>(3)</strong></span> <span class='ocrx_word' id='word_1_46' title='bbox 1053 692 1178 784; x_wconf 81' lang='lat' dir='ltr'><strong>refert,</strong></span> 
     </span>
     <span class='ocr_line' id='line_1_7' title="bbox 159 809 1179 906; baseline 0.001 -23"><span class='ocrx_word' id='word_1_47' title='bbox 159 810 334 906; x_wconf 67' lang='lat' dir='ltr'><strong>operiatr</strong></span> <span class='ocrx_word' id='word_1_48' title='bbox 349 822 444 882; x_wconf 88' lang='lat' dir='ltr'><strong>tuuc</strong></span> <span class='ocrx_word' id='word_1_49' title='bbox 467 824 571 881; x_wconf 80' lang='lat' dir='ltr'><strong>certe</strong></span> <span class='ocrx_word' id='word_1_50' title='bbox 593 835 674 881; x_wconf 87' lang='lat' dir='ltr'><strong>non</strong></span> <span class='ocrx_word' id='word_1_51' title='bbox 698 825 754 884; x_wconf 83' lang='lat' dir='ltr'><strong>est</strong></span> <span class='ocrx_word' id='word_1_52' title='bbox 777 809 981 897; x_wconf 77' lang='lat' dir='ltr'><strong>credibile,</strong></span> <span class='ocrx_word' id='word_1_53' title='bbox 1005 811 1036 880; x_wconf 79' lang='lat' dir='ltr'><strong>&#39;si</strong></span> <span class='ocrx_word' id='word_1_54' title='bbox 1061 825 1179 884; x_wconf 87' lang='lat' dir='ltr'><strong>mute·</strong></span> 
     </span>
     <span class='ocr_line' id='line_1_8' title="bbox 159 922 1177 1026; baseline -0.003 -25"><span class='ocrx_word' id='word_1_55' title='bbox 159 938 231 1001; x_wconf 79' lang='lat' dir='ltr'><strong>tur</strong></span> <span class='ocrx_word' id='word_1_56' title='bbox 246 922 418 1024; x_wconf 81' lang='lat' dir='ltr'><strong>&#39;eorporis</strong></span> <span class='ocrx_word' id='word_1_57' title='bbox 438 927 552 1014; x_wconf 87' lang='lat' dir='ltr'><strong>situs,</strong></span> <span class='ocrx_word' id='word_1_58' title='bbox 577 928 719 999; x_wconf 87' lang='lat' dir='ltr'><strong>ventris</strong></span> <span class='ocrx_word' id='word_1_59' title='bbox 739 925 899 1026; x_wconf 85' lang='lat' dir='ltr'><strong>figuram</strong></span> <span class='ocrx_word' id='word_1_60' title='bbox 925 952 1003 998; x_wconf 89' lang='lat' dir='ltr'><strong>non</strong></span> <span class='ocrx_word' id='word_1_61' title='bbox 1026 927 1177 998; x_wconf 85' lang='lat' dir='ltr'><strong>mutari.</strong></span> 
     </span>
     <span class='ocr_line' id='line_1_9' title="bbox 156 1042 1177 1143; baseline 0 -26"><span class='ocrx_word' id='word_1_62' title='bbox 156 1046 306 1117; x_wconf 74' lang='lat' dir='ltr'><strong>uetera</strong></span> <span class='ocrx_word' id='word_1_63' title='bbox 318 1057 442 1116; x_wconf 81' lang='lat' dir='ltr'><strong>autem</strong></span> <span class='ocrx_word' id='word_1_64' title='bbox 455 1068 538 1142; x_wconf 83' lang='lat' dir='ltr'><strong>quae</strong></span> <span class='ocrx_word' id='word_1_65' title='bbox 551 1043 743 1116; x_wconf 84' lang='lat' dir='ltr'><strong>adduntur</strong></span> <span class='ocrx_word' id='word_1_66' title='bbox 755 1042 859 1142; x_wconf 80' lang='lat' dir='ltr'><strong>signa</strong></span> <span class='ocrx_word' id='word_1_67' title='bbox 869 1060 1070 1143; x_wconf 81' lang='lat' dir='ltr'><strong>postquam</strong></span> <span class='ocrx_word' id='word_1_68' title='bbox 1078 1067 1177 1142; x_wconf 85' lang='lat' dir='ltr'><strong>aqua</strong></span> 
     </span>
     <span class='ocr_line' id='line_1_10' title="bbox 154 1157 1175 1260; baseline 0 -27"><span class='ocrx_word' id='word_1_69' title='bbox 154 1157 302 1233; x_wconf 69' lang='lat' dir='ltr'><strong>edrrcta</strong></span> <span class='ocrx_word' id='word_1_70' title='bbox 318 1161 533 1260; x_wconf 77' lang='lat' dir='ltr'><strong>achirurgo</strong></span> <span class='ocrx_word' id='word_1_71' title='bbox 549 1177 629 1248; x_wconf 88' lang='lat' dir='ltr'><strong>est,</strong></span> <span class='ocrx_word' id='word_1_72' title='bbox 650 1185 719 1260; x_wconf 85' lang='lat' dir='ltr'><strong>per</strong></span> <span class='ocrx_word' id='word_1_73' title='bbox 742 1162 964 1260; x_wconf 72' lang='lat' dir='ltr'><strong>specillum,</strong></span> <span class='ocrx_word' id='word_1_74' title='bbox 992 1186 1062 1260; x_wconf 86' lang='lat' dir='ltr'><strong>per</strong></span> <span class='ocrx_word' id='word_1_75' title='bbox 1085 1186 1175 1233; x_wconf 70' lang='lat' dir='ltr'><strong>cou-</strong></span> 
     </span>
     <span class='ocr_line' id='line_1_11' title="bbox 159 1275 1175 1378; baseline 0.001 -29"><span class='ocrx_word' id='word_1_76' title='bbox 159 1275 447 1368; x_wconf 64' lang='lat' dir='ltr'><strong>vectationem,</strong></span> <span class='ocrx_word' id='word_1_77' title='bbox 469 1303 540 1376; x_wconf 83' lang='lat' dir='ltr'><strong>per</strong></span> <span class='ocrx_word' id='word_1_78' title='bbox 565 1279 809 1374; x_wconf 83' lang='lat' dir='ltr'><strong>injectionem</strong></span> <span class='ocrx_word' id='word_1_79' title='bbox 827 1278 1053 1376; x_wconf 73' lang='lat' dir='ltr'><strong>querenda,</strong></span> <span class='ocrx_word' id='word_1_80' title='bbox 1082 1303 1175 1378; x_wconf 73' lang='lat' dir='ltr'><strong>prm·</strong></span> 
     </span>
     <span class='ocr_line' id='line_1_12' title="bbox 155 1380 1275 1492; baseline 0.004 -25"><span class='ocrx_word' id='word_1_81' title='bbox 155 1410 339 1492; x_wconf 77' lang='lat' dir='ltr'><strong>terquam</strong></span> <span class='ocrx_word' id='word_1_82' title='bbox 376 1411 457 1469; x_wconf 76' lang='lat' dir='ltr'><strong>sert</strong></span> <span class='ocrx_word' id='word_1_83' title='bbox 484 1412 592 1483; x_wconf 84' lang='lat' dir='ltr'><strong>sunt,</strong></span> <span class='ocrx_word' id='word_1_84' title='bbox 615 1380 808 1492; x_wconf 83' lang='lat' dir='ltr'><strong>ejusmodi</strong></span> <span class='ocrx_word' id='word_1_85' title='bbox 843 1396 954 1468; x_wconf 88' lang='lat' dir='ltr'><strong>etiam</strong></span> <span class='ocrx_word' id='word_1_86' title='bbox 994 1412 1101 1484; x_wconf 89' lang='lat' dir='ltr'><strong>sunt,</strong></span> <span class='ocrx_word' id='word_1_87' title='bbox 1133 1412 1176 1472; x_wconf 82' lang='lat' dir='ltr'><strong>ut</strong></span> <span class='ocrx_word' id='word_1_88' title='bbox 1271 1393 1275 1397; x_wconf 40' lang='lat'><em>⁶</em></span> 
     </span>
     <span class='ocr_line' id='line_1_13' title="bbox 159 1512 1174 1612; baseline 0.004 -28"><span class='ocrx_word' id='word_1_89' title='bbox 159 1512 342 1606; x_wconf 81' lang='lat' dir='ltr'><strong>morbum</strong></span> <span class='ocrx_word' id='word_1_90' title='bbox 357 1513 460 1586; x_wconf 87' lang='lat' dir='ltr'><strong>hunc</strong></span> <span class='ocrx_word' id='word_1_91' title='bbox 472 1512 518 1585; x_wconf 88' lang='lat' dir='ltr'><strong>ab</strong></span> <span class='ocrx_word' id='word_1_92' title='bbox 532 1516 645 1585; x_wconf 88' lang='lat' dir='ltr'><strong>ascite</strong></span> <span class='ocrx_word' id='word_1_93' title='bbox 660 1513 834 1612; x_wconf 86' lang='lat' dir='ltr'><strong>quidem,</strong></span> <span class='ocrx_word' id='word_1_94' title='bbox 854 1512 919 1586; x_wconf 86' lang='lat' dir='ltr'><strong>sed</strong></span> <span class='ocrx_word' id='word_1_95' title='bbox 934 1538 1013 1587; x_wconf 85' lang='lat' dir='ltr'><strong>non</strong></span> <span class='ocrx_word' id='word_1_96' title='bbox 1028 1513 1075 1587; x_wconf 86' lang='lat' dir='ltr'><strong>ab</strong></span> <span class='ocrx_word' id='word_1_97' title='bbox 1094 1515 1174 1588; x_wconf 82' lang='lat' dir='ltr'><strong>aliis</strong></span> 
     </span>
     <span class='ocr_line' id='line_1_14' title="bbox 153 1629 877 1730; baseline 0.003 -30"><span class='ocrx_word' id='word_1_98' title='bbox 153 1629 234 1703; x_wconf 77' lang='lat' dir='ltr'><strong>illis</strong></span> <span class='ocrx_word' id='word_1_99' title='bbox 253 1630 435 1730; x_wconf 78' lang='lat' dir='ltr'>hydropis</span> <span class='ocrx_word' id='word_1_100' title='bbox 450 1631 651 1730; x_wconf 82' lang='lat' dir='ltr'><strong>generibus</strong></span> <span class='ocrx_word' id='word_1_101' title='bbox 668 1643 877 1705; x_wconf 77' lang='lat' dir='ltr'><strong>secernant.</strong></span> 
     </span>
     <span class='ocr_line' id='line_1_15' title="bbox 210 1748 1173 1848; baseline 0.004 -29"><span class='ocrx_word' id='word_1_102' title='bbox 210 1748 270 1819; x_wconf 83' lang='lat'><strong>60.</strong></span> <span class='ocrx_word' id='word_1_103' title='bbox 289 1753 387 1821; x_wconf 86' lang='lat' dir='ltr'><strong>Cave</strong></span> <span class='ocrx_word' id='word_1_104' title='bbox 409 1765 519 1848; x_wconf 79' lang='lat' dir='ltr'><strong>putes</strong></span> <span class='ocrx_word' id='word_1_105' title='bbox 544 1774 626 1848; x_wconf 85' lang='lat' dir='ltr'><strong>quae</strong></span> <span class='ocrx_word' id='word_1_106' title='bbox 647 1748 830 1823; x_wconf 87' lang='lat' dir='ltr'><strong>haetenus</strong></span> <span class='ocrx_word' id='word_1_107' title='bbox 856 1751 1064 1820; x_wconf 82' lang='lat' dir='ltr'><strong>examinata</strong></span> <span class='ocrx_word' id='word_1_108' title='bbox 1085 1765 1173 1822; x_wconf 86' lang='lat' dir='ltr'><strong>sunt</strong></span> 
     </span>
     <span class='ocr_line' id='line_1_16' title="bbox 154 1865 1173 1964; baseline 0.003 -27"><span class='ocrx_word' id='word_1_109' title='bbox 154 1891 184 1959; x_wconf 74' lang='lat' dir='ltr'><strong>‚a</strong></span> <span class='ocrx_word' id='word_1_110' title='bbox 201 1883 262 1936; x_wconf 79' lang='lat' dir='ltr'><strong>m&#39;e</strong></span> <span class='ocrx_word' id='word_1_111' title='bbox 276 1867 380 1964; x_wconf 81' lang='lat' dir='ltr'><strong>signa</strong></span> <span class='ocrx_word' id='word_1_112' title='bbox 395 1867 617 1964; x_wconf 86' lang='lat' dir='ltr'><strong>improbari.</strong></span> <span class='ocrx_word' id='word_1_113' title='bbox 637 1870 758 1940; x_wconf 81' lang='lat' dir='ltr'><strong>Casus</strong></span> <span class='ocrx_word' id='word_1_114' title='bbox 777 1868 879 1952; x_wconf 81' lang='lat' dir='ltr'><strong>enim</strong></span> <span class='ocrx_word' id='word_1_115' title='bbox 911 1865 1091 1937; x_wconf 81' lang='lat' dir='ltr'><strong>duntaxat</strong></span> <span class='ocrx_word' id='word_1_116' title='bbox 1113 1893 1173 1940; x_wconf 72' lang='lat' dir='ltr'><strong>ex·</strong></span> 
     </span>
     <span class='ocr_line' id='line_1_17' title="bbox 159 1981 1283 2081; baseline 0.003 -27"><span class='ocrx_word' id='word_1_117' title='bbox 159 1981 249 2076; x_wconf 85' lang='lat' dir='ltr'><strong>cepi</strong></span> <span class='ocrx_word' id='word_1_118' title='bbox 278 1982 317 2053; x_wconf 90' lang='lat' dir='ltr'><strong>in</strong></span> <span class='ocrx_word' id='word_1_119' title='bbox 351 1981 491 2080; x_wconf 87' lang='lat' dir='ltr'><strong>quibus</strong></span> <span class='ocrx_word' id='word_1_120' title='bbox 521 1982 702 2081; x_wconf 83' lang='lat' dir='ltr'><strong>pleraque</strong></span> <span class='ocrx_word' id='word_1_121' title='bbox 731 1982 878 2054; x_wconf 84' lang='lat' dir='ltr'><strong>inutilia</strong></span> <span class='ocrx_word' id='word_1_122' title='bbox 909 2006 988 2054; x_wconf 86' lang='lat' dir='ltr'><strong>esse</strong></span> <span class='ocrx_word' id='word_1_123' title='bbox 1014 1985 1169 2080; x_wconf 85' lang='lat' dir='ltr'><strong>possint.</strong></span> <span class='ocrx_word' id='word_1_124' title='bbox 1280 2004 1283 2009; x_wconf 49' lang='lat'>¹</span> 
     </span>
     <span class='ocr_line' id='line_1_18' title="bbox 156 2085 1172 2198; baseline 0.003 -27"><span class='ocrx_word' id='word_1_125' title='bbox 156 2095 322 2171; x_wconf 84' lang='lat' dir='ltr'><strong>Difficile</strong></span> <span class='ocrx_word' id='word_1_126' title='bbox 352 2112 479 2172; x_wconf 81' lang='lat' dir='ltr'><strong>autem</strong></span> <span class='ocrx_word' id='word_1_127' title='bbox 511 2097 657 2172; x_wconf 85' lang='lat' dir='ltr'><strong>accidet</strong></span> <span class='ocrx_word' id='word_1_128' title='bbox 682 2085 724 2171; x_wconf 90' lang='lat' dir='ltr'><strong>ut</strong></span> <span class='ocrx_word' id='word_1_129' title='bbox 748 2099 941 2198; x_wconf 86' lang='lat' dir='ltr'><strong>plerisque</strong></span> <span class='ocrx_word' id='word_1_130' title='bbox 959 2100 1000 2169; x_wconf 89' lang='lat' dir='ltr'><strong>in</strong></span> <span class='ocrx_word' id='word_1_131' title='bbox 1024 2098 1172 2174; x_wconf 77' lang='lat' dir='ltr'><strong>casibus</strong></span> 
     </span>
     <span class='ocr_line' id='line_1_19' title="bbox 157 2215 1172 2316; baseline 0 -28"><span class='ocrx_word' id='word_1_132' title='bbox 157 2215 309 2288; x_wconf 74' lang='lat' dir='ltr'><strong>inutilia</strong></span> <span class='ocrx_word' id='word_1_133' title='bbox 326 2216 400 2288; x_wconf 80' lang='lat' dir='ltr'><strong>sint</strong></span> <span class='ocrx_word' id='word_1_134' title='bbox 422 2218 574 2299; x_wconf 85' lang='lat' dir='ltr'><strong>omnia,</strong></span> <span class='ocrx_word' id='word_1_135' title='bbox 607 2217 812 2315; x_wconf 66' lang='lat' dir='ltr'><strong>presertim</strong></span> <span class='ocrx_word' id='word_1_136' title='bbox 841 2217 871 2288; x_wconf 83' lang='lat' dir='ltr'><strong>si</strong></span> <span class='ocrx_word' id='word_1_137' title='bbox 899 2216 1021 2316; x_wconf 88' lang='lat' dir='ltr'><strong>prima</strong></span> <span class='ocrx_word' id='word_1_138' title='bbox 1047 2216 1172 2290; x_wconf 88' lang='lat' dir='ltr'><strong>morbi</strong></span> 
     </span>
     <span class='ocr_line' id='line_1_20' title="bbox 159 2333 1172 2434; baseline -0.001 -25"><span class='ocrx_word' id='word_1_139' title='bbox 159 2349 335 2431; x_wconf 80' lang='lat' dir='ltr'><strong>tempora</strong></span> <span class='ocrx_word' id='word_1_140' title='bbox 349 2333 567 2434; x_wconf 85' lang='lat' dir='ltr'><strong>diligentius</strong></span> <span class='ocrx_word' id='word_1_141' title='bbox 585 2333 844 2423; x_wconf 85' lang='lat' dir='ltr'><strong>attendamus,</strong></span> <span class='ocrx_word' id='word_1_142' title='bbox 860 2349 898 2404; x_wconf 88' lang='lat' dir='ltr'><strong>et</strong></span> <span class='ocrx_word' id='word_1_143' title='bbox 916 2359 999 2430; x_wconf 82' lang='lat' dir='ltr'><strong>quae</strong></span> <span class='ocrx_word' id='word_1_144' title='bbox 1018 2349 1098 2405; x_wconf 91' lang='lat' dir='ltr'><strong>tum</strong></span> <span class='ocrx_word' id='word_1_145' title='bbox 1112 2361 1172 2408; x_wconf 89' lang='lat' dir='ltr'><strong>re·</strong></span> 
     </span>
     <span class='ocr_line' id='line_1_21' title="bbox 158 2451 1170 2550; baseline -0.001 -24"><span class='ocrx_word' id='word_1_146' title='bbox 158 2476 247 2526; x_wconf 88' lang='lat' dir='ltr'><strong>rum</strong></span> <span class='ocrx_word' id='word_1_147' title='bbox 268 2451 378 2525; x_wconf 86' lang='lat' dir='ltr'><strong>facies</strong></span> <span class='ocrx_word' id='word_1_148' title='bbox 394 2451 507 2524; x_wconf 81' lang='lat' dir='ltr'><strong>fuerit</strong></span> <span class='ocrx_word' id='word_1_149' title='bbox 521 2467 697 2524; x_wconf 85' lang='lat' dir='ltr'><strong>accurate</strong></span> <span class='ocrx_word' id='word_1_150' title='bbox 719 2461 951 2550; x_wconf 78' lang='lat' dir='ltr'><strong>spectemus,</strong></span> <span class='ocrx_word' id='word_1_151' title='bbox 971 2466 1012 2523; x_wconf 89' lang='lat' dir='ltr'><strong>ut</strong></span> <span class='ocrx_word' id='word_1_152' title='bbox 1030 2467 1120 2548; x_wconf 87' lang='lat' dir='ltr'><strong>puta</strong></span> <span class='ocrx_word' id='word_1_153' title='bbox 1139 2454 1170 2525; x_wconf 88' lang='lat' dir='ltr'><strong>si</strong></span> 
     </span>
     <span class='ocr_line' id='line_1_22' title="bbox 155 2567 1207 2670; baseline 0.006 -33"><span class='ocrx_word' id='word_1_154' title='bbox 155 2569 211 2644; x_wconf 79' lang='lat' dir='ltr'><strong>ab</strong></span> <span class='ocrx_word' id='word_1_155' title='bbox 229 2571 431 2668; x_wconf 85' lang='lat' dir='ltr'><strong>epigastrio</strong></span> <span class='ocrx_word' id='word_1_156' title='bbox 452 2586 579 2643; x_wconf 86' lang='lat' dir='ltr'><strong>tumor</strong></span> <span class='ocrx_word' id='word_1_157' title='bbox 602 2571 804 2670; x_wconf 85' lang='lat' dir='ltr'><strong>inceperit,</strong></span> <span class='ocrx_word' id='word_1_158' title='bbox 831 2585 893 2642; x_wconf 78' lang='lat' dir='ltr'><strong>arat</strong></span> <span class='ocrx_word' id='word_1_159' title='bbox 910 2571 941 2641; x_wconf 89' lang='lat' dir='ltr'><strong>si</strong></span> <span class='ocrx_word' id='word_1_160' title='bbox 960 2567 1006 2640; x_wconf 88' lang='lat' dir='ltr'><strong>ab</strong></span> <span class='ocrx_word' id='word_1_161' title='bbox 1026 2570 1171 2667; x_wconf 80' lang='lat' dir='ltr'><strong>epigas·</strong></span> <span class='ocrx_word' id='word_1_162' title='bbox 1204 2619 1207 2624; x_wconf 89' lang='lat'>-</span> 
     </span>
     <span class='ocr_line' id='line_1_23' title="bbox 159 2684 1170 2775; baseline 0.001 -14"><span class='ocrx_word' id='word_1_163' title='bbox 159 2691 235 2761; x_wconf 84' lang='lat' dir='ltr'><strong>trio</strong></span> <span class='ocrx_word' id='word_1_164' title='bbox 252 2688 457 2762; x_wconf 86' lang='lat' dir='ltr'><strong>immobilis</strong></span> <span class='ocrx_word' id='word_1_165' title='bbox 469 2703 597 2762; x_wconf 85' lang='lat' dir='ltr'><strong>tamen</strong></span> <span class='ocrx_word' id='word_1_166' title='bbox 613 2687 747 2775; x_wconf 83' lang='lat' dir='ltr'><strong>fuerit,</strong></span> <span class='ocrx_word' id='word_1_167' title='bbox 769 2686 861 2758; x_wconf 92' lang='lat' dir='ltr'><strong>dum</strong></span> <span class='ocrx_word' id='word_1_168' title='bbox 874 2684 1020 2758; x_wconf 80' lang='lat' dir='ltr'><strong>cubans</strong></span> <span class='ocrx_word' id='word_1_169' title='bbox 1032 2685 1170 2762; x_wconf 70' lang='lat' dir='ltr'><strong>{emina</strong></span> 
     </span>
     <span class='ocr_line' id='line_1_24' title="bbox 157 2805 1170 2906; baseline 0 -30"><span class='ocrx_word' id='word_1_170' title='bbox 157 2807 378 2906; x_wconf 72' lang='lat' dir='ltr'><strong>inultorum</strong></span> <span class='ocrx_word' id='word_1_171' title='bbox 400 2831 438 2878; x_wconf 91' lang='lat' dir='ltr'><strong>se</strong></span> <span class='ocrx_word' id='word_1_172' title='bbox 457 2822 695 2879; x_wconf 85' lang='lat' dir='ltr'><strong>converteret</strong></span> <span class='ocrx_word' id='word_1_173' title='bbox 710 2806 827 2892; x_wconf 85' lang='lat' dir='ltr'><strong>latus,</strong></span> <span class='ocrx_word' id='word_1_174' title='bbox 842 2828 968 2901; x_wconf 85' lang='lat' dir='ltr'><strong>neque</strong></span> <span class='ocrx_word' id='word_1_175' title='bbox 987 2805 1097 2876; x_wconf 87' lang='lat' dir='ltr'><strong>stanti</strong></span> <span class='ocrx_word' id='word_1_176' title='bbox 1115 2806 1170 2876; x_wconf 89' lang='lat' dir='ltr'><strong>in·</strong></span> 
     </span>
     <span class='ocr_line' id='line_1_25' title="bbox 159 2921 1169 3022; baseline 0 -28"><span class='ocrx_word' id='word_1_177' title='bbox 159 2924 259 2994; x_wconf 87' lang='lat' dir='ltr'><strong>terni</strong></span> <span class='ocrx_word' id='word_1_178' title='bbox 281 2923 327 2994; x_wconf 88' lang='lat' dir='ltr'><strong>ad</strong></span> <span class='ocrx_word' id='word_1_179' title='bbox 344 2922 487 3020; x_wconf 86' lang='lat' dir='ltr'><strong>pubem</strong></span> <span class='ocrx_word' id='word_1_180' title='bbox 504 2923 683 3022; x_wconf 87' lang='lat' dir='ltr'><strong>ponderis</strong></span> <span class='ocrx_word' id='word_1_181' title='bbox 700 2947 873 3002; x_wconf 79' lang='lat' dir='ltr'><strong>sensum,</strong></span> <span class='ocrx_word' id='word_1_182' title='bbox 887 2935 954 2992; x_wconf 84' lang='lat' dir='ltr'><strong>aut</strong></span> <span class='ocrx_word' id='word_1_183' title='bbox 975 2921 1169 3020; x_wconf 82' lang='lat' dir='ltr'><strong>mingendi</strong></span> 
     </span>
     <span class='ocr_line' id='line_1_26' title="bbox 160 3038 1170 3139; baseline 0 -27"><span class='ocrx_word' id='word_1_184' title='bbox 160 3038 425 3113; x_wconf 85' lang='lat' dir='ltr'><strong>difficultatem</strong></span> <span class='ocrx_word' id='word_1_185' title='bbox 448 3041 633 3129; x_wconf 58' lang='lat' dir='ltr'><strong>attulerim</strong></span> <span class='ocrx_word' id='word_1_186' title='bbox 658 3064 877 3139; x_wconf 87' lang='lat' dir='ltr'><strong>quanquam</strong></span> <span class='ocrx_word' id='word_1_187' title='bbox 905 3039 1170 3138; x_wconf 85' lang='lat' dir='ltr'><strong>progrediente</strong></span> 
     </span>
     <span class='ocr_line' id='line_1_27' title="bbox 159 3157 1171 3258; baseline -0.002 -28"><span class='ocrx_word' id='word_1_188' title='bbox 159 3160 274 3230; x_wconf 84' lang='lat' dir='ltr'><strong>etiam</strong></span> <span class='ocrx_word' id='word_1_189' title='bbox 292 3157 447 3240; x_wconf 75' lang='lat' dir='ltr'><strong>morbo,</strong></span> <span class='ocrx_word' id='word_1_190' title='bbox 479 3158 619 3231; x_wconf 83' lang='lat' dir='ltr'><strong>iudicia</strong></span> <span class='ocrx_word' id='word_1_191' title='bbox 648 3184 728 3232; x_wconf 82' lang='lat' dir='ltr'><strong>esse</strong></span> <span class='ocrx_word' id='word_1_192' title='bbox 757 3158 902 3258; x_wconf 87' lang='lat' dir='ltr'><strong>possint</strong></span> <span class='ocrx_word' id='word_1_193' title='bbox 921 3160 1025 3229; x_wconf 89' lang='lat' dir='ltr'><strong>unde</strong></span> <span class='ocrx_word' id='word_1_194' title='bbox 1048 3173 1171 3229; x_wconf 87' lang='lat' dir='ltr'><strong>certas</strong></span> 
     </span>
    </p>
   </div>
   <div class='ocr_carea' id='block_1_3' title="bbox 127 3455 493 3735">
    <p class='ocr_par' dir='ltr' id='par_1_3' title="bbox 127 3455 493 3735">
     <span class='ocr_line' id='line_1_28' title="bbox 127 3455 493 3540; baseline 0.016 -28"><span class='ocrx_word' id='word_1_195' title='bbox 127 3537 128 3540; x_wconf 7' lang='grc' dir='ltr'><strong>Ἰ</strong></span> <span class='ocrx_word' id='word_1_196' title='bbox 203 3455 247 3533; x_wconf 86' lang='grc' dir='ltr'><strong>(ι)</strong></span> <span class='ocrx_word' id='word_1_197' title='bbox 269 3457 327 3514; x_wconf 88' lang='lat' dir='ltr'><strong>Cit.</strong></span> <span class='ocrx_word' id='word_1_198' title='bbox 343 3459 382 3514; x_wconf 89' lang='lat' dir='ltr'><strong>ad</strong></span> <span class='ocrx_word' id='word_1_199' title='bbox 398 3480 427 3515; x_wconf 89' lang='grc' dir='ltr'><strong>ιι.</strong></span> <span class='ocrx_word' id='word_1_200' title='bbox 447 3468 493 3537; x_wconf 70' lang='grc'><strong>49.</strong></span> 
     </span>
     <span class='ocr_line' id='line_1_29' title="bbox 204 3553 451 3635; baseline 0.016 -23"><span class='ocrx_word' id='word_1_201' title='bbox 204 3553 247 3635; x_wconf 78' lang='lat' dir='ltr'><strong>(a)</strong></span> <span class='ocrx_word' id='word_1_202' title='bbox 269 3559 326 3610; x_wconf 79' lang='lat' dir='ltr'><strong>An.</strong></span> <span class='ocrx_word' id='word_1_203' title='bbox 349 3577 380 3612; x_wconf 88' lang='lat' dir='ltr'><strong>n.</strong></span> <span class='ocrx_word' id='word_1_204' title='bbox 403 3557 451 3616; x_wconf 74' lang='lat'><strong>50.</strong></span> 
     </span>
     <span class='ocr_line' id='line_1_30' title="bbox 204 3652 394 3735; baseline -0.005 -23"><span class='ocrx_word' id='word_1_205' title='bbox 204 3652 246 3735; x_wconf 75' lang='lat'><strong>(3)</strong></span> <span class='ocrx_word' id='word_1_206' title='bbox 268 3654 346 3712; x_wconf 86' lang='lat' dir='ltr'><strong>lbid.</strong></span> <span class='ocrx_word' id='word_1_207' title='bbox 391 3728 394 3733; x_wconf 21' lang='grc' dir='ltr'>Ι</span> 
     </span>
    </p>
   </div>
   <div class='ocr_carea' id='block_1_4' title="bbox 0 0 1294 4514">
    <p class='ocr_par' dir='ltr' id='par_1_4' title="bbox 0 0 1294 4514">
     <span class='ocr_line' id='line_1_31' title="bbox 0 0 1294 4514; baseline 0 2"><span class='ocrx_word' id='word_1_208' title='bbox 0 0 1294 4514; x_wconf 95' lang='lat' dir='ltr'><strong> </strong></span> 
     </span>
    </p>
   </div>
  </div>
 </body>
</html>
