2580 4514
242 379 314 451 300
409 402 455 448 nn
482 400 627 448 senrans
652 402 695 446 rr
721 399 844 447 cinsts
869 398 1079 449 nonnonnrt

240 530 354 602 runt,
374 538 470 610 quos
493 528 645 584 secutus
665 515 798 583 Cicero
819 512 975 609 (1)tum
993 518 1208 609 astringeret
1256 492 1265 507 ⁸

242 656 281 700 se
299 636 494 717 intestina,
525 645 601 700 tum
620 628 796 700 relaxare
821 630 897 700 sive
917 628 965 699 ad
980 628 1211 719 terendnmci
1276 687 1280 694 .

244 747 336 819 burn
364 763 401 819 et
428 745 732 834 conficiendum,
750 747 825 818 sive
842 746 890 818 ad
911 748 993 843 ejus
1011 744 1215 847 depellente

246 866 424 962 reliquias
450 865 586 937 diserte
613 865 793 962 scripsit?
815 863 887 937 Sed
903 890 953 935 ne
972 866 1137 963 cuipiam
1154 861 1218 935 lorti

249 1008 294 1055 cx
318 983 362 1082 iis
386 1006 482 1078 quos
507 982 548 1052 in
575 1006 695 1080 prope
722 996 887 1053 extrema
907 980 954 1052 ad
977 985 1014 1051 ΙΙ
1038 976 1223 1053 Adversar‘i

248 1097 466 1197 praefatione
482 1098 683 1196 designavi,
696 1098 758 1169 hic
772 1112 927 1196 quoque
942 1098 1141 1172 Ciceronis
1149 1096 1225 1168 loctr
1265 1170 1268 1177 ,

206 1239 208 1244 ·
249 1221 288 1286 in
316 1218 492 1288 acerbam
518 1222 607 1286 satis
637 1218 963 1314 exprobrationem
980 1241 1002 1286 a
1019 1240 1085 1287 me
1105 1215 1228 1312 alleged

249 1334 439 1421 videatur3
459 1348 607 1431 praestat
626 1333 744 1404 multa
766 1358 847 1430 quae
867 1332 930 1404 hic
953 1358 1150 1432 reponere
1169 1333 1230 1403 lice

250 1466 328 1540 ret,
342 1450 553 1547 negligere,
568 1466 605 1522 et
616 1475 638 1520 a
651 1451 785 1522 Priscis
798 1450 844 1521 ad
859 1452 1110 1524 Recentiores
1121 1450 1230 1524 venire

249 1570 349 1638 Num
364 1569 478 1663 igitur
497 1583 553 1639 tot
566 1568 833 1645 obliviscemur
849 1567 1164 1641 observationum
1176 1588 1251 1667 nond,

251 1684 413 1754 aliorum
441 1684 578 1774 m0d0,
610 1686 674 1757 sed
704 1700 740 1756 et
764 1701 982 1758 nostrarum
1012 1686 1056 1755 in
1085 1684 1234 1767 canibus,

254 1799 407 1889 ovibus,
438 1803 619 1873 cuniculis
644 1803 737 1874 vivis
764 1803 951 1889 dissectis,
981 1827 1080 1897 ⁸curn
1106 1800 1237 1903 saepeir

254 1917 385 1988 oculos
406 1944 454 1987 ne
474 1921 722 2016 quaerentium
743 1920 897 2016 quidem
919 1920 1113 2010 incurrit,
1138 1923 1167 1993 is
1180 1928 1239 1989 ne

253 2050 314 2106 tus
333 2050 445 2132 atque
462 2036 556 2110 adeo
581 2039 692 2109 etiarn
719 2053 761 2108 ut
784 2032 991 2134 praesertim
1019 2038 1062 2108 in
1089 2034 1240 2111 cuniculo

255 2152 412 2240 accidit,
433 2154 575 2225 alterne
588 2154 929 2253 antiperistalticus.
951 2153 1027 2224 Sed
1039 2155 1086 2225 in
1105 2149 1242 2226 homini

256 2268 329 2341 hus
344 2295 497 2368 quoque
511 2269 623 2343 fuisse
639 2271 815 2360 alterum,
832 2269 1042 2370 aliquando
1060 2288 1243 2369 utrumque

256 2403 498 2485 perceptum,
517 2387 714 2460 ostendere
725 2389 804 2485 jam
819 2387 916 2459 nihil
934 2389 1097 2480 attinet,
1118 2382 1246 2489 qnando

259 2507 429 2603 exempla
451 2507 607 2605 protulit
618 2508 687 2577 cel.
705 2507 877 2578 Hellerus
892 2507 947 2604 (a)
962 2533 969 2576 :
987 2506 1247 2604 quibustamet

257 2623 351 2694 illud
379 2624 539 2712 addere,
564 2625 593 2696 si
616 2623 801 2711 volneris,
826 2639 935 2722 potes
963 2640 1176 2716 matronae,
1198 2624 1246 2694 int-

259 2765 408 2813 manem
428 2740 725 2838 omphalocelem
744 2741 938 2833 habentis,
976 2742 1043 2815 isae
1059 2767 1083 2814 a
1100 2742 1250 2817 collecto·

260 2858 367 2931 ribus
384 2859 624 2931 Bibliothecae
637 2861 854 2930 anatomicae
872 2766 1141 2959 (fidemque
1153 2858 1250 2932 Helle·

260 3003 324 3049 rus
339 2977 394 3075 (Δ)
413 2978 473 3049 vel
490 2983 692 3074 antequam
711 2992 767 3049 tot
789 2975 918 3050 ederet
937 2979 1199 3075 experimenta
1210 2970 1250 3073 (5)

261 3097 450 3192 praestitit,
470 3119 518 3166 ne
540 3097 628 3192 quia
645 3120 783 3192 magno
804 3095 1032 3193 preceptori
1048 3082 1251 3196 ipsinsacci·

262 3211 367 3283 derat
380 3266 399 3302 „
410 3227 453 3282 ut
473 3238 690 3310 nunquam,
708 3215 802 3284 sicut
816 3212 909 3303 dixi,
925 3215 966 3283 in
982 3216 1124 3291 crassis
1135 3208 1249 3287 intest

268 3400 1252 3433 ’.Ἣ

320 3552 347 3627 1)
368 3553 402 3607 L.
419 3570 435 3608 n
449 3553 486 3609 de
495 3564 557 3611 nat.
574 3556 665 3611 Deor.
