2580 4514
136 389 206 436 220
301 387 346 432 on
373 384 517 432 sumnus
543 386 586 431 nr
611 384 734 432 cnus1s
760 383 969 432 mortuorunt
1063 406 1067 415 ·
1158 368 1160 387 ¹

133 504 289 572 immota
314 498 444 570 infima
461 499 554 570 recti
570 494 737 570 intestini
755 513 879 595 parte,
898 523 1010 595 quam
1023 497 1111 569 firme

135 619 230 689 adeo
255 641 340 687 cum
360 618 492 688 vicinis
521 640 727 688 connexam
753 615 934 701 diximus,
963 616 1114 714 superio·

133 760 213 807 rem
233 734 304 806 hac
324 749 467 833 partem
484 733 668 830 reliquam
686 735 783 804 iutra
800 758 880 803 eam
899 758 987 805 cum
1011 756 1120 805 reere-

133 856 270 924 mentis
291 850 456 951 prolabi,
488 854 750 949 inversamque
778 867 879 922 extra
905 875 1023 922 anum
1044 874 1118 948 pro·

134 971 224 1042 dire.
248 972 341 1041 Satis
358 971 456 1040 enim
478 984 532 1041 est
549 970 765 1040 mesocolon
788 968 840 1039 ibi
859 970 1038 1058 relaxari,
1065 967 1118 1039 ubi

132 1105 277 1160 rectum
298 1088 490 1172 continet;
514 1102 600 1174 aut,
630 1088 660 1158 si
679 1086 875 1186 prolapsus
894 1086 1047 1184 longior
1064 1087 1119 1172 sit,

130 1206 184 1276 ibi
212 1221 407 1305 praeterea,
430 1204 497 1276 ubi
526 1204 570 1274 ad
596 1205 809 1302 proximum
834 1203 941 1274 illum
970 1205 1120 1302 pertinet

130 1323 310 1394 mobilem
332 1338 369 1393 et
393 1321 600 1394 flexuosum
628 1321 700 1392 coli
727 1337 906 1407 tractum,
927 1321 997 1417 qui
1020 1321 1121 1393 ¹sicuti

123 1437 211 1512 ¹aliis
226 1441 376 1537 longior
396 1440 572 1537 contigit,
591 1439 672 1511 aliis
685 1438 859 1526 brevior,
880 1438 978 1509 utin
1000 1437 1122 1509 Adver-

130 1561 234 1632 sariis
256 1562 309 1627 ΙΙΙ
333 1558 388 1654 (1)
411 1559 594 1644 diximus;
610 1558 766 1654 ita·plus
790 1559 962 1628 minusve
984 1554 1121 1628 extendi

129 1691 166 1747 et
186 1675 414 1747 descendere
437 1691 582 1773 potest,
607 1686 643 1746 et
662 1691 806 1745 rectum
828 1674 977 1772 prolabi
999 1675 1118 1747 sinere.
1141 1661 1144 1667 ¹

129 1791 242 1882 Quod
267 1794 296 1864 si
323 1818 370 1863 ne
400 1793 695 1864 additamentum
717 1792 871 1889 quidem
901 1790 978 1863 hoc
1005 1814 1118 1865 meum

128 1911 214 1982 satis
239 1925 354 1998 esset,
373 1925 454 1988 tum
473 1936 563 1982 vero
575 1912 621 1982 de
642 1911 714 1981 alio
732 1911 887 2009 insuper
905 1911 1118 2007 cogitarem,

127 2042 169 2112 ut
189 2029 219 2098 si
234 2043 367 2125 praeter
388 2027 468 2099 illas
487 2043 563 2099 tres
587 2030 796 2127 superiores
816 2042 948 2124 quarte
965 2027 1118 2127 proponi

127 2160 253 2244 posset
274 2147 390 2231 rolin,
412 2145 621 2217 secundum
644 2171 755 2243 quam
778 2160 814 2216 et
840 2144 878 2215 id
898 2143 1011 2218 fieret
1027 2142 1118 2245 quoll

127 2263 242 2333 modo
259 2263 298 2332 in
313 2264 422 2334 tertia
439 2263 624 2351 diximus,
647 2278 683 2335 et
697 2278 873 2361 praeterea
899 2263 1050 2337 interna
1071 2279 1117 2335 tu·

126 2380 227 2469 nica,
242 2396 284 2451 ut
307 2381 347 2450 in
377 2381 540 2452 secunda
557 2374 698 2453 dictum
727 2396 802 2468 est,
832 2380 997 2453 relaxata
1017 2397 1054 2454 et
1069 2383 1118 2451 in·

124 2522 230 2569 versa
245 2497 467 2595 procidens,
485 2524 555 2596 per
580 2496 750 2569 infimum
775 2499 945 2570 exeuntis
962 2496 1118 2573 intestini

124 2631 333 2687 extremum
365 2616 563 2715 prodiret,
595 2617 819 2715 ipsumque,
857 2640 896 2687 se
932 2617 1118 2704 addendo,

123 2733 273 2834 longius
288 2732 436 2805 faceret.
1145 2714 1148 2718 .

45 2952 48 2958 ἢ
175 2849 207 2922 5.
222 2854 308 2922 Non
322 2867 377 2922 est
389 2851 542 2946 quidem
557 2877 646 2923 meae
661 2850 943 2958 consuetudinis
958 2851 1119 2952 longiore

125 2970 295 3040 oratione
324 2969 380 3038 uti
405 2969 444 3038 in
462 2967 667 3040 theoretica
696 2969 929 3041 medicorum
953 2969 1121 3043 consilio-

124 3111 209 3156 rum
234 3099 364 3183 parte;
393 3111 519 3182 neque
551 3088 650 3158 enim
680 3089 816 3184 ignoro
839 3111 1029 3184 aegrorum
1053 3086 1120 3186 ple·

124 3227 262 3299 rosque
287 3227 366 3274 esse
384 3205 653 3301 empiricorum
673 3204 833 3290 similes,
850 3229 930 3274 non
949 3203 1121 3277 dubitan-

124 3323 236 3410 tium,
253 3335 295 3391 ut
314 3321 364 3392 ait
378 3320 506 3392 Celsus
522 3321 595 3419 (α),
611 3321 680 3393 has
693 3320 887 3420 latentium
899 3347 1027 3394 rerum
1043 3346 1121 3394 con·

120 3442 283 3532 secturus
304 3435 358 3508 ad
378 3464 456 3509 rem
473 3464 548 3509 uon
557 3446 764 3539 pertinere,
782 3445 963 3538 quionon
984 3445 1124 3510 interest

127 3557 220 3655 quid
236 3556 407 3626 morbum
414 3559 562 3647 faciat,
581 3557 648 3629 sed
664 3557 758 3659 quid
777 3554 895 3629 tollat.
914 3557 985 3629 Hic
1003 3572 1120 3629 tamen

165 3774 170 3805 l

161 3842 206 3919 (1)
226 3841 362 3899 Animad.
380 3841 407 3896 6.

163 3941 209 4018 (Ἃ)
227 3943 272 3998 De
286 3941 392 4000 medic.
407 3941 439 3998 iu
454 3941 535 4016 pres.
