2580 4514
133 361 204 406 ma.
231 359 287 405 ιιι.
316 359 363 404 nn
389 357 525 404 uoams
550 357 724 422 vaurms,
749 359 861 407 arrsr.
889 364 987 409 xxix.
1022 345 1067 436 47

59 477 161 548 linus
178 475 280 546 inter
303 471 490 570 singultus
509 495 638 545 causas
654 487 844 546 tumorem
864 493 1069 567 memoret,

61 617 221 682 nervos,
235 592 301 689 qui
314 590 550 663 stomachum
560 592 722 680 adeunt,
740 596 1072 690 comprimentem;

61 711 235 812 qualem,
263 711 407 807 inquit,
432 710 490 780 illi
509 710 675 802 adfuisse
693 719 854 809 suspicio
862 715 947 804 fuit
961 739 1071 811 quem

63 834 217 903 Patavii
228 842 417 927 perpetua
434 828 676 924 singultiendi
693 831 865 901 molestia
880 838 1072 904 novimus:
1177 874 1184 891 ι

63 953 102 1026 iu
121 947 347 1020 memoriam
360 946 471 1018 rediit
487 952 542 1017 Jo.
565 947 704 1019 Rhodii
721 947 933 1021 observatio
953 949 1008 1047 (ι)
1027 951 1074 1021 ad

64 1068 243 1143 eumdem
264 1068 457 1164 pertinens
478 1089 626 1152 casum,
650 1082 748 1164 quae,
772 1082 815 1138 ut
842 1067 1076 1140 subobscura

23 1174 28 1188 ¹
66 1188 131 1274 sit,
148 1186 286 1283 inspici
299 1199 426 1255 tamen
445 1209 465 1254 a
483 1199 520 1255 te
541 1186 691 1281 poterit.
713 1184 818 1255 Idem
836 1187 1076 1258 Bartholinus

67 1309 104 1377 in
119 1303 337 1404 appendice
351 1304 460 1375 tertia
471 1307 604 1400 quaerit
613 1303 795 1394 „cursolo
813 1306 962 1376 brachii
975 1331 1076 1378 vena

67 1424 320 1520 sectajuvaret
329 1422 368 1491 in
379 1421 558 1519 quodam,
569 1446 656 1493 raro
666 1433 888 1519 sane,quem
899 1422 1077 1494 describit

70 1541 262 1640 singultu?
281 1539 408 1631 Quid?
426 1541 456 1611 si
475 1538 665 1637 phraenica
683 1545 858 1638 superior
873 1566 992 1630 vena,
1014 1549 1077 1613 co'·
1126 1525 1128 1530 ⁵

72 1684 165 1748 meS,
183 1674 228 1730 ut
248 1660 348 1731 nosti
358 1657 572 1756 phraemet
583 1674 881 1757 nerv1,repente
901 1661 1078 1731 imminu-

72 1792 102 1851 ta
123 1778 461 1877 copiabanguinis,
481 1777 572 1849 illuc
590 1802 667 1874 quo
684 1802 728 1848 ea
749 1802 845 1849 vena
862 1777 1003 1867 influit,
1019 1805 1078 1850 re-

70 1895 207 1985 dituri,
222 1909 259 1966 et
278 1882 406 1992 quod
410 1895 678 1992 consequitur,
700 1896 780 1993 ipsa
800 1921 954 1993 quoque
973 1912 1079 1994 parte

72 2013 197 2085 oneris
218 2036 276 2084 sm
266 2011 427 2110 levata,
448 2027 512 2083 aut
530 2013 674 2083 socium
690 2037 849 2085 nervum
863 2017 988 2086 minus
997 2039 1079 2112 pre·

73 2114 218 2221 mahat,
244 2147 309 2203 aut
327 2131 474 2229 aliquid
493 2131 598 2203 unde
618 2131 679 2205 hio
700 2133 930 2222 irritaretur,
952 2134 1081 2205 absor-

73 2247 212 2324 bebat?
231 2249 276 2321 Et
293 2247 448 2347 quando
467 2249 507 2319 in
528 2248 586 2321 his
611 2248 789 2322 omnibus
808 2250 1081 2351 appendicibus

74 2371 218 2441 mentio
233 2365 277 2440 fit
290 2367 516 2439 auxiliorum
531 2366 713 2440 adversus
724 2368 946 2467 singultum,
958 2395 1082 2471 neque

74 2501 227 2558 externa
243 2486 284 2556 in
299 2487 421 2584 prima
431 2482 554 2583 ¹atque
572 2486 689 2559 altera
706 2488 929 2575 reticentur3
945 2487 1084 2558 Valsal·

75 2630 122 2675 vae
135 2604 297 2675 memini
311 2600 419 2674 facile
433 2602 667 2702 obviumque
685 2604 897 2677 remedium
911 2607 949 2675 in
964 2604 1084 2675 nobili

76 2723 221 2794 Comite
241 2723 505 2820 respondisse,
533 2723 590 2794 lac
613 2722 806 2813 videlicet,
832 2749 909 2821 quo
935 2722 1086 2795 fovebat

76 2840 267 2915 abdomen
281 2867 290 2929 3
309 2840 494 2938 quamdiu
513 2843 615 2913 enim
634 2841 749 2913 lintea
765 2840 859 2913 lacte
873 2841 1087 2932 madebant,

77 2957 223 3030 tamdiu
250 2959 478 3057 singultum,
505 2984 604 3057 aegro
638 2959 960 3047 molestissimum,
984 2963 1087 3032 siste·

78 3075 187 3148 bant:
210 3079 250 3147 in
275 3101 353 3175 quo
370 3093 499 3148 tamen
521 3102 592 3149 nec
615 3077 758 3173 inutilis
780 3073 901 3148 fuerat
924 3077 1088 3149 theriaca

79 3184 264 3293 imposita.
284 3195 397 3284 Quod
411 3220 504 3267 vero
519 3198 559 3265 in
579 3195 726 3267 scholio
746 3195 911 3292 quodam
933 3195 987 3293 (a)
1013 3212 1088 3268 ter-

81 3313 167 3383 tiam
194 3314 296 3383 inter
318 3327 355 3383 et
385 3328 559 3410 quartam
586 3311 836 3411 appendicem
868 3315 1088 3410 interjecto,

82 3427 302 3500 adnotatum
321 3444 377 3502 est
395 3429 442 3501 de
463 3431 629 3528 singultu
644 3431 710 3528 qui
722 3456 807 3501 cum
819 3427 915 3502 febri
928 3431 1090 3521 cuidam,

82 3547 250 3642 pessimis
281 3549 397 3647 signis
427 3550 586 3646 stipatae,
618 3529 1090 3646 supervenisset,lethalis

121 3832 163 3910 (1)
185 3835 270 3890 Ceut.
284 3850 319 3903 2,
336 3831 400 3887 obs.
417 3833 495 3889 med.
509 3831 558 3889 61.

121 3932 164 4010 (a)
185 3935 233 3992 Ad
248 3939 264 4004 ς
280 3932 315 4002 6,
329 3933 394 3988 obs.
409 3951 436 4003 7.
