2580 4514
144 380 188 452 52
313 407 367 451 os>
386 403 532 452 sumnus
556 405 601 450 rr
626 404 748 451 caosls
774 405 982 454 mansorum

142 516 305 604 redibat,
330 517 396 613 qui
423 517 591 613 alioquin
616 518 745 613 primis
771 518 895 591 morbi
923 522 1031 592 annis
1058 547 1145 592 raro

141 632 344 705 accidebat.
364 637 487 704 Homo
501 634 651 703 interim
668 658 800 731 parum
819 635 1029 733 mingebat,
1048 638 1147 708 mul-

139 764 221 820 tum
237 748 400 836 sitiebat,
414 764 450 820 et
465 748 511 818 de
531 749 666 847 linguar
695 750 859 822 siccitate
887 752 1139 848 querebatur:

139 866 269 964 pulsus
289 865 421 937 debilis
433 880 470 936 et
483 890 620 963 parvus
638 883 726 937 erat.
742 868 908 939 Tandem
924 869 1142 965 multosero

139 1007 208 1082 per
224 983 404 1054 urinarias
419 985 496 1054 vias
508 982 725 1073 amandato,
738 1000 774 1055 et
790 984 1041 1057 detumefacto
1053 1013 1143 1058 ven·

142 1117 214 1189 tre,
230 1125 317 1170 cum
336 1116 462 1171 tamen
477 1114 606 1170 caetera
626 1100 865 1171 incommoda
880 1105 920 1172 in
935 1103 1016 1176 dies
1024 1106 1142 1203 magis

140 1216 331 1305 saturent,
352 1217 592 1313 vomitusque
626 1241 755 1288 mense
777 1219 859 1289 vitae
884 1220 1018 1291 ultimo
1046 1236 1145 1292 esset

141 1336 247 1434 quasi
277 1336 350 1406 seri
381 1332 535 1430 fuligine
566 1332 696 1406 infecti
729 1349 765 1404 et
799 1337 1076 1433 graveolentis:
1101 1354 1143 1413 ut

136 1479 233 1551 aegcr
264 1453 343 1549 ipse
366 1448 506 1520 referre
538 1449 682 1520 diceret
710 1452 868 1547 putridae
894 1457 1016 1525 carnis
1047 1453 1142 1526 feto·

140 1595 241 1658 rem;
264 1570 400 1641 sensim
417 1568 610 1638 diminutis
631 1567 774 1640 viribus
786 1584 823 1639 et
838 1568 1063 1643 balbutienti
1076 1597 1140 1643 ore

141 1684 286 1757 defecit.
303 1691 445 1757 Venter
472 1683 743 1785 libram‘etiam
768 1701 850 1757 tum
873 1712 987 1758 unam
1008 1705 1071 1760 aut
1090 1690 1142 1760 al-

95 1894 98 1899 ,
139 1820 258 1889 teram
278 1805 351 1874 seri
369 1800 607 1890 continebat,
624 1827 727 1899 aquae
751 1804 880 1875 similis
902 1806 941 1874 in
960 1830 1036 1902 qua
1053 1831 1140 1878 caro

108 1898 272 1993 *beccus
303 1921 379 1991 lota
414 1935 479 1990 est.
508 1923 645 1991 Totum
681 1937 876 1992 omentum
908 1937 1143 1994 contractum

140 2055 219 2112 erat
230 2040 269 2109 in
283 2036 462 2135 quasdam
474 2037 567 2106 varii
585 2038 723 2109 coloris
739 2038 1018 2129 extuberantias
1029 2095 1039 2130 ,
1052 2066 1143 2138 quae,

136 2158 222 2255 ,ipso
238 2170 363 2242 mot0,
380 2153 641 2226 movebantur.
662 2156 907 2227 Ventriculus
926 2182 1009 2229 sero
1027 2173 1144 2229 scate-

139 2272 204 2344 bat
224 2270 499 2368 ejusdemmodi
518 2295 560 2342 ac
576 2273 723 2343 vomitu
745 2272 1006 2367 rejiciebatur:
1026 2274 1142 2346 durus

139 2386 265 2462 autem
290 2404 369 2461 erat
383 2376 509 2460 'lactus
534 2404 639 2486 parte
665 2391 814 2461 circiter
834 2391 963 2479 tertia;
986 2391 1065 2462 haec
1094 2391 1140 2463 ad

137 2507 304 2607 pilorum
317 2492 546 2604 skrtinebat,
555 2507 756 2604 ipsumque
770 2509 866 2580 adeo
876 2524 1141 2600 coarctaverat,

139 2627 200 2698 vix
220 2639 262 2696 ut
278 2614 437 2696 transire
452 2619 622 2694 confecta
637 2623 813 2694 alimenta
824 2639 988 2722 possent.
1002 2627 1142 2715 Quam-

138 2744 193 2814 vis
218 2757 342 2814 autem
365 2755 443 2812 tota
463 2765 505 2812 ea
529 2738 623 2813 dura
644 2766 730 2838 pars
751 2755 870 2830 secta,
895 2742 1018 2814 albam
1041 2744 1141 2815 intus

141 2861 396 2957 solidamque,
423 2883 468 2928 ex
489 2883 563 2955 qua
579 2857 789 2947 constabat,
810 2858 1056 2930 substantiam
1079 2884 1140 2931 os-

139 2976 336 3066 tenderet3
360 3000 402 3047 ea
424 2990 551 3046 tamen
571 2973 662 3046 facie
684 3001 760 3073 qua
785 3001 916 3047 cavum
940 2978 1142 3048 ventriculi

140 3094 350 3195 spectabat,
369 3091 558 3190 putridam
584 3117 734 3164 carnem
755 3107 792 3164 et
818 3093 944 3165 colore
962 3108 998 3163 et
1020 3091 1139 3168 letore

140 3215 297 3296 omnino
310 3207 507 3298 referebat,
520 3209 747 3307 quibusdam
764 3211 977 3307 sanguineis
988 3213 1139 3308 punctis

140 3333 363 3404 distinctam.

190 3476 222 3547 7.
237 3452 361 3517 Duros
375 3443 459 3515 illos
476 3442 711 3541 mobilesque
725 3432 822 3516 infra
839 3447 1032 3544 regionem
1047 3473 1138 3519 ven-

138 3567 263 3641 triculi
277 3562 451 3661 globulos
461 3561 736 3634 extuberantias
745 3562 856 3634 fuisse
866 3564 981 3651 vides,
993 3565 1032 3633 in
1044 3587 1137 3661 quas

137 3698 335 3757 omentum
355 3705 392 3752 se
412 3691 671 3751 contraxerat:
690 3679 867 3751 duritiem
889 3695 1011 3752 autem
1028 3659 1139 3780 supe·

137 3806 277 3875 riorem
294 3797 406 3869 fuisse
419 3796 619 3868 ventriculi
639 3794 852 3887 skirrhum,
869 3798 935 3895 qui
948 3797 1072 3871 donec
1086 3803 1138 3870 in·

135 3930 333 3997 ¹cremento
347 3937 415 3986 suo
428 3936 511 3986 non
529 3937 567 3985 se
583 3913 749 3986 extendit
765 3915 812 3986 ad
831 3915 996 4012 pilorum
1015 3939 1139 3990 coarc-
