2580 4514
136 377 205 448 5562
306 399 351 443 ne
378 396 523 443 scurrus
548 397 596 442 er·
617 395 741 441 caosrs
767 397 981 445 uouuouuu

136 517 176 583 iu
196 513 362 582 historiis
386 510 458 582 illis
486 512 639 581 minime
664 510 909 599 scribuntur,
932 537 1025 610 saepe
1045 512 1120 586 adeo

140 630 313 718 medicis,
332 631 424 700 etin
442 629 501 701 his
517 630 739 728 praeceptori
760 653 846 700 meo
863 629 1058 702 Albertino
1074 656 1121 703 oc·

140 751 279 831 currit,
293 764 335 820 ut
345 748 502 820 sollicite
518 763 711 833 moneret,
728 773 777 819 ne
794 772 884 820 cum
900 749 1008 848 signa
1018 766 1123 847 essent

138 867 332 941 abscessus
348 868 388 937 in
406 865 541 964 hepate
556 868 632 963 jam
652 863 834 964 perlecti,
853 891 954 965 aeger
974 891 1124 940 movere·

138 1002 218 1074 tur3
255 1011 336 1056 non
370 984 476 1081 quod
504 987 695 1082 ignoraret
723 1000 869 1056 motum
907 984 956 1056 ab
988 987 1125 1085 egregiis

138 1106 306 1202 alioquin
328 1103 546 1175 auctoribus
562 1118 655 1175 tunc
672 1127 750 1175 esse
765 1084 1022 1201 praeceptum,
1040 1102 1127 1202 quod

139 1238 175 1295 et
189 1222 374 1293 memoria
389 1236 517 1292 nostra
528 1218 685 1292 feliciter
699 1222 851 1293 cessisse
861 1245 1126 1320 nonnunquam

105 1328 110 1335 ’
137 1339 321 1439 legimus;
339 1339 404 1411 sed
423 1338 527 1436 quod
545 1338 634 1409 hinc
654 1353 844 1428 censeret,
872 1336 1029 1411 fortuna
1041 1337 1127 1425 fieri,
1171 1422 1173 1435 Ι

138 1459 169 1530 si
180 1483 251 1556 pus
269 1459 320 1529 sic
337 1458 499 1555 disrupti
515 1456 727 1544 abscessus,
741 1456 851 1529 illaesa
863 1456 1018 1556 hepatis
1031 1481 1127 1529 mem·
1171 1450 1173 1481 ³

136 1576 280 1664 brana,
299 1600 368 1673 per
386 1575 509 1645 hilarii
524 1574 660 1646 ductus
676 1600 802 1648 ramos
822 1575 869 1647 ad
891 1576 1069 1649 intestina
1080 1574 1129 1645 de·

136 1694 342 1774 rivaretur;
364 1692 452 1763 inde
479 1709 605 1764 autem
626 1695 877 1791 perspiceret,
897 1718 1017 1792 quam
1042 1691 1130 1762 facile

138 1836 181 1884 ea
199 1813 326 1908 potius
342 1827 523 1910 perrupta
540 1812 781 1900 membrana,
799 1814 839 1881 iu
850 1813 1002 1884 ventris
1017 1832 1129 1883 cavum

138 1926 282 2000 effundi
300 1945 447 2027 posset,
466 1946 684 2028 aegrumque
701 1929 801 2000 illata
820 1953 993 2028 syncope
1006 1924 1130 2000 conles·

139 2050 206 2118 tim
224 2073 370 2120 necare.
385 2053 464 2120 Hoc
482 2053 608 2136 enim,
634 2073 672 2121 se
693 2048 954 2137 adolescente,
972 2047 1131 2119 memine

137 2181 195 2237 rat
208 2167 387 2237 Bononiae
408 2167 610 2254 accidisse,
636 2192 722 2237 cum
740 2181 923 2264 praestans
948 2165 1130 2248 medicus,

138 2283 317 2380 idemque
335 2283 475 2356 nobilis
486 2284 716 2381 chirurgus,
735 2283 822 2356 illos
841 2297 997 2355 secutus
1023 2297 1131 2354 aucto·

138 2426 215 2488 res,
230 2418 378 2472 motum
392 2403 610 2499 imperasset
622 2403 759 2500 virgini
770 2402 831 2472 cui
842 2401 953 2498 jecur
969 2415 1051 2472 erat
1062 2420 1132 2495 sup·

139 2534 316 2618 puratum
327 2546 337 2608 3
350 2516 505 2616 profuso
520 2521 621 2590 enim
637 2520 676 2589 in
690 2534 860 2591 ventrem
875 2543 998 2616 pure,
1014 2538 1131 2616 aegram

140 2663 229 2708 mox
242 2640 342 2709 inter
360 2638 561 2708 mulierum
576 2636 715 2734 quibus
735 2635 993 2726 innitebatur,
1018 2655 1133 2706 manus

28 2788 31 2795 ¹
139 2757 337 2828 interiisse.
351 2759 482 2826 Postea
502 2771 626 2826 autem
644 2754 703 2828 vel
721 2756 800 2827 sine
819 2769 946 2843 motu,
967 2769 1037 2827 aut
1051 2763 1133 2824 certe

140 2875 187 2947 ad
203 2875 324 2947 levem
339 2889 502 2960 motum,
518 2889 561 2945 ut
573 2872 615 2944 fit
629 2875 669 2944 in
687 2873 802 2962 lecto,
818 2887 882 2945 aut
895 2872 992 2944 duin
1014 2872 1144 2961 electo¹

140 2988 446 3090 surgitur,'idem
476 2993 675 3090 contigisse
696 3047 706 3081 ,
726 2989 1046 3064 animadverterat
1063 3007 1133 3076 cum

139 3113 178 3181 in
200 3112 301 3200 aliis,
320 3126 403 3182 tum
418 3112 623 3209 praesertim
643 3112 682 3181 iu
699 3109 921 3182 Marchione
939 3106 1133 3209 generosis·

144 3229 258 3317 sime,
273 3229 382 3325 cujus
395 3244 473 3301 erat
483 3227 675 3301 abscessus
686 3229 725 3299 in
738 3230 830 3306 sima
834 3229 1022 3325 jecinoris
1032 3239 1131 3326 parte.

139 3345 289 3435 Quibus
312 3345 639 3419 observationibus
660 3344 868 3434 adductus,
887 3345 1133 3445 suspicabatur

141 3488 221 3536 non
237 3463 286 3535 ita
305 3463 474 3537 absimile
493 3467 624 3536 mortis
640 3490 759 3564 genus
771 3466 811 3536 in
823 3463 945 3536 nobili
959 3452 1131 3539 alioviro,

42 3682 46 3691 ι
142 3582 250 3676 cujus
268 3582 393 3654 morbi
406 3584 511 3681 signa
531 3584 658 3654 omnia
677 3583 767 3656 alias
782 3582 835 3680 tr)
857 3581 928 3653 tibi
949 3580 1131 3680 diligenter

142 3805 1126 3836 ...η-...ΝΜ

182 3972 225 4048 11)
246 3973 340 4049 Epist.
358 3980 410 4045 lo,
429 3994 458 4030 n.
476 3926 522 4031 ab.
