2580 4514
243 352 314 450 576
407 375 454 420 nr.
480 372 625 419 scurrus
650 374 694 419 nr
719 371 843 419 causis
869 374 1089 422 rronaouuu

242 489 483 589 pertinaciter
511 485 749 583 repugnabo,
769 487 876 587 quod
897 489 941 558 in
967 492 1142 561 omnium
1160 515 1227 590 pro·

243 629 373 704 gressu
384 603 430 674 ad
448 605 571 701 ipsam.
589 601 856 691 nihilominus,
886 607 921 675 si
953 630 1051 678 vera
1075 625 1232 707 suntque

242 722 356 822 paulo
370 735 455 791 ante
472 720 664 807 dicebam,
683 734 738 791 est
751 721 1013 794 redeundum.

293 845 348 927 24.
377 844 422 909 Et
442 840 494 909 sic
513 837 665 934 quidem
685 840 902 936 tympanitis
923 865 1055 914 causae
1075 859 1157 915 tum
1175 858 1237 942 post

244 958 467 1029 diuturnum
484 955 682 1041 morbum,
701 970 779 1027 tum
795 957 834 1026 iu
849 973 966 1029 acuto
985 961 1237 1060 intelligentur,

246 1101 332 1148 curn
346 1071 515 1145 raresaeti
528 1075 622 1144 aeris
638 1075 761 1181 copia,
782 1089 818 1144 et
832 1075 888 1145 vis
901 1075 1117 1166 intestina,
1135 1096 1165 1179 et
1176 1104 1240 1152 ven

242 1194 444 1278 triculum,
474 1207 511 1262 et
542 1190 646 1288 quod
670 1192 938 1288 consequitur,
963 1193 1029 1266 his
1051 1198 1239 1295 appositum

206 1289 209 1295 ¹
242 1311 433 1382 abdomen
448 1309 644 1380 distendet.
673 1308 744 1379 Sed
770 1323 824 1380 est
843 1310 916 1379 alia
936 1316 1167 1410 tympanitis
1181 1339 1240 1414 spe

243 1431 333 1515 cies,
354 1454 439 1499 curn
459 1428 557 1499 idem
573 1442 903 1515 aer,extraeorum
917 1430 1121 1502 viscerum
1134 1456 1238 1505 cavum

245 1543 468 1632 rarefactus,
496 1549 618 1640 ipsum
645 1545 824 1614 duntaxat
853 1546 1034 1619 extendit
1063 1548 1238 1621 abdomen

246 1664 363 1757 Hujus
380 1663 562 1747 musculi,
581 1661 631 1731 ob
650 1661 688 1731 id
708 1664 817 1732 etiam
835 1664 980 1751 creati,
996 1691 1053 1739 nc
1076 1668 1184 1740 rebus
1199 1690 1238 1738 se

248 1779 416 1850 cundum
434 1794 606 1848 naturam
625 1803 663 1849 se
682 1777 933 1867 habentibus,
951 1806 997 1853 ea
1014 1785 1157 1856 viscera
1171 1808 1238 1885 pre·

244 1912 302 1968 ter
319 1897 472 1967 modum
491 1895 770 1984 distendantur,
782 1894 848 1966 ubi
858 1899 990 1993 justo,
1010 1923 1239 1999 quaecumque

160 2034 163 2045 ¹
248 2017 293 2086 sit
311 2038 438 2096 causa,
457 2014 614 2082 laxiores
632 2010 770 2085 fuerint
789 2040 868 2085 non
886 2016 1012 2088 modo
1034 2030 1168 2091 eorum
1184 2017 1239 2089 dis·

246 2133 407 2204 tentioui
427 2157 505 2200 nou
521 2129 691 2217 obstant;
719 2131 783 2202 sed
800 2132 899 2202 inter
916 2126 1081 2224 causas,
1104 2161 1169 2209 cur
1182 2136 1239 2207 hac

247 2248 392 2321 facilius
417 2251 613 2344 majorque
646 2249 856 2347 contingat,
880 2250 1077 2324 videntur
1097 2280 1171 2328 esse
1195 2277 1239 2323 rc·

246 2366 427 2465 ponendi.
440 2364 513 2434 Ubi
525 2389 614 2435 vero
629 2389 692 2437 aer
704 2380 805 2437 extra
823 2365 885 2437 illa
898 2369 1057 2442 viscera
1071 2372 1184 2443 laxius
1196 2366 1239 2440 ab

247 2485 386 2555 domen
407 2483 578 2579 urgebit,·
604 2497 708 2553 tanto
730 2482 804 2554 hoc
821 2483 933 2554 citius
968 2491 1169 2588 magisque
1195 2511 1239 2559 ex·

246 2600 441 2683 tendetur,
468 2599 572 2694 quod
596 2601 691 2672 aeris
716 2601 857 2671 viribus
878 2625 962 2672 non
990 2606 1238 2680 intestinorum
1280 2638 1282 2695 j

246 2720 356 2790 etiam
382 2741 424 2786 ac
453 2717 651 2787 ventriculi
672 2719 845 2814 parietes,
864 2717 931 2789 sed
956 2720 1063 2794 nihil
1083 2738 1172 2795 tuuc
1188 2719 1239 2793 uiti

246 2860 364 2905 unum
381 2833 669 2904 distendendum
687 2832 887 2929 objicietur
898 2835 1117 2927 abdomen.
1129 2847 1235 2914 Necte
1278 2848 1282 2937 ,¹

245 2977 333 3024 men
345 2951 422 3021 haec
439 2952 578 3048 species
593 2951 769 3047 irequens
783 2966 856 3040 est,
877 2977 946 3024 seu
958 2957 1064 3047 sola,
1084 2961 1161 3031 sive
1172 2976 1235 3031 cum
1280 2948 1282 3039 ξ

244 3071 371 3168 priore
390 3069 611 3163 coujuncta3
627 3069 702 3137 imo
719 3068 814 3139 adeo
833 3094 917 3163 rara
935 3086 1013 3159 est,
1035 3091 1082 3147 ut
1099 3070 1235 3149 necllrl

243 3186 347 3259 lisius
362 3188 430 3281 (r),
460 3209 528 3255 nec
553 3186 707 3256 Littrius
724 3185 778 3280 (a)
802 3185 996 3279 viderint,
1023 3208 1143 3291 atque
1165 3192 1233 3265 adeo

243 3304 337 3374 alter
358 3302 563 3399 scripserit,
590 3328 667 3372 uon
693 3296 802 3400 posse
821 3303 869 3374 ab
891 3329 929 3377 se
953 3308 1144 3410 intelligi,
1166 3312 1233 3383 alter

241 3445 311 3519 per
330 3445 397 3490 sua
416 3420 671 3515 experimenta
690 3423 846 3492 omnino
866 3419 1043 3498 refutari.
1070 3435 1149 3530 Ego
1167 3446 1230 3500 vett

241 3563 367 3635 neque
386 3536 471 3607 ideo
492 3537 633 3633 aliquid
653 3539 886 3636 negaverim,
907 3543 1019 3640 quod
1043 3551 1133 3622 satis
1148 3541 1230 3620 intel·

240 3721 1229 3755 ffl—*W

282 3821 324 3903 (ι)
345 3824 432 3880 Locis
444 3823 598 3896 indicatis,
613 3842 643 3878 n.
657 3823 704 3880 23.

281 3920 323 4002 (a)
345 3923 423 3980 Ibid.
