2580 4514
151 389 223 478 324
317 413 363 459 nv
389 406 533 460 sentens
558 413 601 458 rr
626 411 753 461 clusis
780 414 991 464 nonnosum

150 532 216 598 cisi
227 580 236 613 ,
255 550 363 623 quem
376 549 455 595 sors
475 530 590 621 ipsius
610 530 846 596 interemerit.
872 528 1022 601 Scilicet
1042 528 1140 624 hujus

151 641 275 715 morbi
292 665 428 714 cursus
444 665 699 737 saepenumero
713 643 892 738 opinione
907 644 1067 716 celerior
1078 661 1138 731 est,

150 775 193 830 ut
212 760 242 830 si
258 758 372 828 horas
390 771 553 854 spectes,
569 757 733 853 incipere
753 772 835 828 tum
851 761 962 830 etiam
984 785 1139 847 censeas,

149 900 256 962 cum,
273 899 417 947 summa
430 875 506 970 jam
526 874 626 943 illata
640 898 757 960 noxa,
777 874 822 944 ad
839 873 955 947 finem
972 893 1140 976 properat

149 991 361 1064 exitialem:
392 991 518 1086 itaque
546 991 656 1084 siquo
680 992 719 1059 in
751 990 846 1077 alio,
876 994 917 1062 in
946 992 1022 1066 boe
1052 1007 1141 1066 cene

146 1107 283 1180 morbo
293 1131 422 1179 verum
439 1121 494 1178 est
504 1105 597 1177 illud
609 1109 927 1204 Hippocraticum,
938 1109 995 1206 (1)
1005 1115 1140 1181 occeio

138 1251 321 1326 praeceps.
337 1229 470 1295 Fuerat
481 1222 559 1292 haec
568 1224 607 1292 in
620 1224 733 1294 Laelio
742 1225 788 1296 iis
797 1227 930 1322 primis
942 1227 1050 1298 horis
1063 1251 1139 1299 eum

146 1367 366 1442 perperam,
383 1339 523 1412 nedum
537 1338 688 1428 frustra,
703 1341 917 1439 philonium
935 1343 1068 1433 datum
1083 1359 1138 1417 est.

144 1461 387 1543 Praeterierat,
408 1482 493 1528 cum
510 1457 695 1546 Valsalva,
714 1459 854 1530 nedum
877 1484 964 1531 cum
984 1463 1140 1534 seniores

145 1577 281 1649 medici
295 1631 304 1661 ,
324 1575 491 1646 accersiti
504 1573 748 1646 advenerunt.

193 1699 226 1782 Δ.
254 1695 347 1763 Nam
365 1690 469 1788 quod
492 1691 547 1761 illi
568 1715 612 1760 ex
640 1692 684 1762 iis
710 1693 824 1789 signis
843 1692 947 1764 nude
973 1695 1136 1768 Valsalva

143 1811 285 1882 victum
306 1806 430 1878 morbi
447 1808 504 1893 vi,
529 1807 774 1905 insuperabili
798 1810 876 1905 jam
902 1807 1025 1901 facta,
1046 1813 1138 1909 juve·

144 1951 232 1998 nem
247 1980 256 2007 ‚
277 1948 499 2023 oppressum
510 1925 582 2020 ipsi
596 1927 841 1996 convulsione
854 1925 981 2000 adhuc
998 1928 1140 2000 solubili

145 2044 424 2129 existimarunt3
446 2065 581 2138 nempe
607 2067 710 2112 venae
728 2045 902 2116 sectionis
924 2026 1049 2119 exitus
1074 2045 1140 2117 utri

144 2184 276 2234 verum
298 2158 569 2256 pervidissent,
591 2159 764 2230 ostendit.

192 2278 330 2372 Negari
340 2277 471 2371 ntique
479 2299 559 2346 non
568 2290 703 2372 potest,
713 2301 867 2375 magnas
876 2277 916 2348 in
927 2277 1138 2350 boemorbo

143 2417 238 2491 saepe
252 2393 507 2464 convulsionis
517 2416 594 2464 esse
605 2408 747 2491 partes,
762 2417 808 2464 eo
820 2408 944 2467 autem
956 2397 1136 2493 majores,

142 2537 220 2611 quo
240 2510 361 2582 acrior
379 2523 434 2580 est
448 2504 576 2597 dolor,
596 2510 671 2580 sive
688 2508 750 2581 hio
770 2512 1060 2585 convulsionem
1072 2537 1138 2584 mo

141 2644 245 2714 veat,
266 2629 341 2699 sive
361 2651 381 2696 a
396 2627 642 2698 convulsione
663 2645 883 2718 moveatur,
905 2645 943 2701 et
960 2655 1042 2728 quo
1057 2634 1136 2703 item

141 2747 248 2817 citius
267 2743 313 2814 ad
329 2741 505 2815 lethalem
528 2743 731 2814 terminum
751 2742 928 2816 decurrit.
946 2747 1009 2817 Sic
1031 2746 1135 2820 intel-

139 2863 216 2961 ligo
238 2885 307 2932 cur
322 2858 571 2930 Boerhaavius
588 2858 642 2955 (α)
662 2885 748 2931 cum
770 2862 999 2958 exquisitum
1029 2865 1135 2936 intes·

137 2980 304 3051 tinorum
329 3000 479 3047 sensum
498 2975 545 3046 ab
564 2978 708 3075 ingenti
734 3002 894 3050 numero
914 2980 1134 3077 papillarum

135 3102 359 3168 nerv'earum
372 3091 546 3182 deduxit,
560 3108 641 3165 tum
656 3093 733 3167 haec
746 3097 931 3167 continno
945 3096 1133 3193 subjiciat:

136 3237 254 3314 quare
277 3209 654 3289 bomineseelerrime
680 3227 839 3309 pereunt
859 3214 910 3285 ab
933 3216 1136 3310 inflamme-

137 3337 256 3414 tione,
274 3339 311 3396 et
328 3333 584 3398 excoriatione
600 3333 877 3416 intestinorum,
895 3344 933 3400 et
948 3336 985 3401 si
993 3355 1133 3404 summa

135 3444 341 3516 doloresit
357 3442 601 3530 vehementia,
630 3450 730 3514 intre
751 3452 900 3518 unicam
918 3446 1058 3521 horem
1074 3449 1132 3519 lto·

136 3569 269 3635 minem
281 3556 544 3631 validissimum
556 3566 742 3632 interimit.
755 3563 828 3636 Sed
846 3579 883 3636 et
896 3587 996 3662 saepe
1013 3566 1055 3637 iu
1074 3588 1131 3636 ve-

172 3843 217 3922 (1)
238 3843 317 3900 Sect.
332 3861 368 3912 1,
383 3837 453 3916 aph.
471 3860 497 3896 1.
604 3854 612 3863 ·

170 3944 215 4024 (a)
236 3943 366 4003 Proelect.
379 3941 418 4000 ad
428 3939 522 4001 instit.
538 3943 613 4018 591.

351 4222 370 4249 s
