2580 4514
197 388 242 467 70
361 392 408 440 DE
435 392 580 440 sautans
606 395 649 438 ET
675 395 798 441 causta
823 391 1032 444 MORBORUM

198 507 319 580 fuerat
340 507 451 577 dolor
476 505 626 603 aliquis,
646 532 723 577 non
755 532 914 606 magnus
940 510 1111 607 quidem,
1138 516 1203 585 sed

195 642 320 700 tamen
335 626 421 697 satis
439 624 629 696 molestus.
652 624 693 694 Id
711 622 880 697 foramen
900 626 947 698 ab
964 629 1029 699 illo
1047 654 1203 727 quoque

196 745 311 816 docto
338 743 420 813 viro
444 743 628 837 creditum
658 758 713 814 est
739 760 824 841 post
846 746 1038 842 antiquam
1066 751 1205 821 orosio-

195 881 285 934 nem
304 877 476 960 apertum
490 885 569 933 esse
584 860 764 931 duntaxat
785 863 990 934 novissimo
1009 866 1091 936 vitae
1109 881 1204 940 teme

195 1005 306 1080 pore3
324 979 500 1051 censebat
517 982 618 1049 enim
637 978 738 1049 hanc
764 979 830 1050 diu
853 980 1023 1076 protrahi
1043 1007 1123 1053 non
1138 1009 1204 1082 po·

195 1101 334 1186 tuisse,
351 1099 381 1171 si
400 1113 441 1169 ut
460 1097 630 1195 quaedam
650 1097 770 1195 pridie
789 1104 952 1170 comesta
972 1099 1011 1168 in
1031 1115 1203 1174 ventrem

195 1214 312 1289 effusa
331 1215 609 1303 animadvertit,
629 1217 681 1288 sic
701 1216 770 1286 alia
792 1218 902 1287 etiam
922 1232 1031 1288 antea
1046 1217 1204 1292 fuissent

194 1336 322 1411 effusa.
351 1339 409 1407 Sic
429 1335 568 1432 pariter
598 1334 718 1404 multo
747 1335 995 1406 recentiorem
1027 1332 1203 1409 observa·

196 1456 339 1527 tionem
358 1451 582 1550 explicabis,
602 1475 684 1548 quae
706 1451 745 1520 in
766 1454 1046 1526 commentariis
1064 1455 1203 1552 legitur

195 1573 332 1644 inclitae
363 1594 412 1643 sc.
441 1569 638 1641 academiae
670 1569 759 1668 imp.
788 1572 1077 1668 Petropolitanae
1103 1573 1202 1670 (1),

196 1692 363 1764 'scissura
382 1688 582 1759 ventriculi
607 1712 812 1785 perquam
841 1689 937 1758 nihil
963 1691 1001 1760 in
1030 1707 1201 1765 ventrem

199 1807 410 1893 effluxerat,
428 1820 465 1877 et
481 1830 595 1902 quam
609 1821 737 1876 tamen
752 1805 874 1878 cultro
888 1831 957 1878 suo
975 1805 1107 1879 factam
1125 1835 1203 1882 esse

197 1929 368 2000 sincerus
382 1939 633 2022 expertusque
652 1938 848 2020 prosector
861 1943 1098 1997 sacramento
1118 1952 1203 2025 per·

196 2044 379 2142 negabat3
394 2056 473 2114 erat
491 2057 617 2113 autem
636 2043 668 2112 is
688 2067 843 2140 quoque
868 2045 1100 2117 ventriculus
1128 2072 1204 2118 ma·

196 2161 329 2234 nifeste
341 2184 489 2249 erosus,
507 2161 710 2257 praesertim
728 2160 766 2230 in
788 2176 893 2258 parte
906 2187 988 2259 quae
1004 2160 1123 2234 fundo
1138 2190 1205 2263 op*

196 2282 320 2379 posita
339 2294 414 2365 est,
441 2278 683 2375 hominisque
706 2274 828 2349 fuerat
854 2295 981 2351 exacte
1008 2279 1204 2354 referentis

195 2396 361 2495 speeiem
381 2394 577 2494 phthisim,
602 2421 716 2492 quem
738 2397 903 2467 vomitus
921 2394 997 2468 fere
1015 2398 1204 2486 assiduuS,

195 2515 300 2587 nulla
315 2529 393 2585 arte
411 2511 619 2599 sedendus,
636 2528 843 2584 necaverat.
865 2514 937 2585 Sed
955 2539 1080 2612 neque
1097 2541 1119 2588 a
1136 2523 1205 2616 Ty-

195 2658 288 2704 sone
311 2630 365 2728 (a)
384 2631 475 2728 (qui
494 2629 669 2701 humanis
686 2631 797 2702 etiam
821 2632 861 2700 in
881 2634 1102 2706 ventriculis
1120 2661 1206 2733 per-

197 2747 419 2821 forationem
438 2762 494 2818 ter
514 2747 651 2818 dicitur
671 2748 883 2845 invenisse)
903 2756 1033 2822 eadem
1054 2751 1093 2821 in
1111 2757 1207 2825 Mar-

195 2865 328 2963 supiali
346 2867 570 2936 Americano
592 2864 850 2962 deprehensa,
870 2866 1079 2964 quidquam
1096 2867 1205 2942 effusi

195 2985 233 3054 in
249 2984 391 3055 ventris
408 3007 538 3054 cavum
559 2998 750 3080 repertum
776 2998 840 3056 est.
863 2990 950 3058 Non
968 2985 1030 3057 hic
1048 3011 1109 3059 eas
1125 3014 1204 3060 me-

193 3125 305 3172 moro
332 3098 605 3198 perforationes
630 3125 649 3170 e
677 3101 817 3198 quibus
844 3102 937 3172 nihil
972 3102 1137 3176 defluere
1164 3106 1202 3176 in

192 3234 363 3290 ventrem
392 3228 543 3315 poterat
556 3218 615 3288 vel
635 3214 740 3315 qu‘od
760 3222 799 3290 in
819 3221 1092 3317 agglutinatum
1113 3251 1200 3296 ven·

192 3336 332 3408 tricnlo
367 3335 587 3407 intestinum
617 3336 729 3408 colon
756 3339 989 3435 pertinerent
1011 3341 1060 3437 (3
1077 3340 1110 3437 l,
1142 3344 1202 3414 vel

248 3657 275 3734 1)
296 3658 381 3714 Tom.
401 3677 428 3728 7.

263 3754 365 3831 >vid
381 3757 448 3812 Act.
464 3757 549 3811 erud.
567 3755 649 3830 Lips
665 3758 760 3831 suppl.
776 3768 847 3813 tom.
863 3759 897 3829 3,
913 3778 937 3814 s.
956 3765 981 3825 l..

264 3850 452 3931 lSepulehr.
468 3874 491 3910 s.
504 3855 571 3910 hac
590 3873 622 3924 7,
641 3855 705 3910 obs.
730 3858 778 3927 13,
804 3876 827 3914 s.
845 3877 870 3928 1,
883 3869 911 3913 et
933 3860 1079 3916 Brunner.
1097 3862 1196 3938 gland

132 3652 244 3737 (

230 3753 262 3832 (2

230 3853 261 3929 (3

186 3944 325 4043 dqodem
345 3975 369 4012 c
381 3974 415 4030 9,
429 3964 459 4011 et
471 3954 581 4010 Heller
596 3973 700 4029 opusc.
713 3953 827 4031 pathol.
844 3958 907 4014 obs.
926 3959 974 4016 23

241 4084 257 4099 -.ι

74 4156 214 4229 ῃΙ
