2580 4514
164 384 232 482 196
325 410 371 455 nr
398 407 544 455 eremos
568 409 612 454 er
637 408 761 457 cresrs
787 408 998 459 uoneoeore

158 520 275 593 modo
301 521 407 593 ullo
398 547 438 591 ιη
457 521 611 593 homine
638 521 720 593 fieri
745 525 922 621 potuerit.
951 525 1026 598 Se'd
1049 526 1145 598 coali-

158 654 263 728 tum,
276 639 407 711 ubi
398 663 429 710 rs
459 635 593 726 fuerit,
622 639 710 710 inde
745 644 871 739 potius
911 641 1027 716 fuisse
1060 643 1144 715 unde

156 758 335 845 diximus,
367 756 633 855 repetendum,
659 758 774 830 altera
799 760 970 856 ejusdem
1002 763 1143 832 coalitus

155 874 339 948 indicabit
356 874 526 961 historia,
543 901 587 946 ex
604 875 740 973 Tulpio
752 875 876 970 huc(1
863 877 1042 974 1)releta.
1058 878 1143 949 Scili-

155 1008 215 1066 cet
226 993 288 1067 hic
300 992 395 1065 vidit
413 1018 435 1064 a
451 991 750 1064 duobus.vesieae
767 993 920 1066 calculis
936 995 1141 1095 depressum

153 1110 249 1183 adeo
266 1109 359 1181 illud
371 1109 419 1180 de
430 1134 507 1205 quo
517 1108 721 1205 loquimur,
732 1110 964 1200 intestinum,
976 1128 1022 1184 nt
1032 1136 1141 1185 coare

154 1243 273 1300 totam
282 1225 518 1327 produxerit
525 1227 698 1325 plurima
712 1229 1142 1327 membranosafilamen-

152 1362 209 1434 ta,
226 1352 490 1417 intertexentia
510 1361 587 1415 tarn
606 1360 709 1417 arete
732 1352 943 1418 interiorem
961 1353 1079 1446 ipsias
1088 1349 1139 1443 fis·

135 1462 290 1551 enimn,
318 1476 372 1534 nt
402 1463 499 1534 nihil
527 1477 762 1535 excretornm
787 1469 962 1562 potuerit
992 1463 1138 1565 amplios

150 1586 428 1668 transmittere,
465 1605 539 1678 qua
578 1580 689 1678 plane
726 1581 872 1652 ratione
908 1592 1139 1680 conspexerat

150 1696 240 1769 alias
254 1697 328 1795 (α),
341 1696 478 1772 similia
489 1698 694 1795 filamenta
710 1699 937 1770 obstruxere
951 1700 1101 1797 galam,
1120 1723 1138 1766 a

148 1821 400 1897 carcinomate
413 1829 653 1887 coarctatam.
666 1815 738 1886 Sed
751 1830 788 1888 et
802 1814 864 1887 hic
879 1820 974 1889 recti
985 1815 1137 1891 intestini

149 1932 305 2007 coalitus
333 1949 412 2005 erat
438 1958 518 2004 non
542 1957 618 2004 una
643 1934 690 2005 de
717 1954 827 2005 eausa
851 1934 1088 2024 insanabilis,
1106 1946 1137 2004 ut

147 2051 313 2151 perlecta
327 2049 428 2149 apud
439 2051 615 2148 Tulpium
628 2052 750 2147 ipsum
768 2050 822 2148 (3)
843 2050 906 2123 itta
926 2051 1136 2126 observatio

147 2195 196 2243 ne
213 2193 429 2267 cognosces.
449 2173 566 2239 Porro
585 2169 645 2238 vel
660 2171 739 2239 sine
751 2169 937 2265 parietum
953 2195 1058 2243 nexu
1074 2192 1135 2242 erc·

146 2301 266 2358 tatum
284 2301 430 2358 rectum
451 2287 671 2357 intestinum
692 2300 876 2382 quantum
891 2288 1135 2360 elviexonere·

143 2406 241 2477 tioni
254 2403 464 2492 obstiterit,
487 2405 580 2490 aliae,
599 2427 692 2500 quas
708 2402 755 2474 ad
775 2403 1068 2501 Sepulchretum
1085 2398 1133 2477 ed·

141 2525 299 2623 junges,
317 2522 513 2594 docebunt
531 2521 835 2607 observationes,
856 2535 900 2592 ut
914 2523 1081 2598 Riedlini
1095 2518 1135 2619 (4)

144 2642 265 2740 quiin
278 2656 431 2712 mortuo
448 2665 494 2728 ex
511 2638 585 2710 alvi
601 2637 861 2710 obstructione
873 2642 1134 2713 massarnssinve

141 2761 199 2832 nit
218 2783 418 2830 carnonam
423 2762 570 2857 partim
580 2810 590 2845 ‚
596 2761 742 2854 partim
756 2755 1045 2852 glandulosam,
1059 2781 1133 2857 pug-

142 2901 193 2947 no
217 2879 417 2974 majorem,
446 2875 664 2945 intestinum
693 2897 813 2971 prope
839 2875 1003 2946 vesicam
1023 2877 1133 2948 urina-

141 2994 235 3063 riam
251 2995 588 3090 comprimentem,
606 2992 646 3060 in
661 3006 739 3088 quo
755 2993 865 3061 etiam
879 3000 1133 3066 excrescentia

141 3133 288 3182 cornere
301 3125 409 3181 erant
425 3109 574 3207 plures:
594 3123 636 3178 ut
653 3106 818 3178 tannelt‘r
836 3125 874 3178 et
891 3113 1056 3184 Lancisii
1070 3108 1133 3208 (5),¹

181 3448 225 3527 (ι)
246 3448 321 3506 obs
340 3452 422 3518 14‚§

179 3548 225 3627 (α)
244 3547 316 3604 vid.
330 3545 394 3620 ejus
412 3547 530 3604 observ.
544 3545 650 3602 medic.
665 3547 685 3601 1.
700 3545 732 3614 3,
755 3564 781 3600 c.
801 3543 931 3601 einfin.

179 3648 233 3727 (3)
245 3651 278 3705 C.
294 3649 343 3704 cit.

179 3748 224 3828 (4)
244 3748 313 3806 vid.
330 3757 388 3804 aet.
404 3747 487 3804 erud
500 3745 582 3819 Lips.
593 3748 636 3801 Μ.
648 3746 706 3802 Jul
725 3744 819 3800 ubi
795 3763 858 3816 ejus
876 3765 956 3803 curre
972 3748 1050 3807 med.
1068 3744 1128 3803 refe

135 3862 255 3909 runtur.

189 3951 219 4028 5)
240 3945 316 4024 Eph.
330 3949 368 4003 N.
383 3948 415 4002 C.
430 3955 506 4002 cent.
522 3964 557 4000 ro
572 3964 603 3999 ιιι
614 3945 743 4020 append
756 3963 787 4001 n
801 3949 827 4009 4
922 3998 926 4017 ‚
