2580 4514
141 403 215 448 Lis.
245 399 302 446 111.
332 397 874 461 namonmsvanra1S,rr1sr.
902 403 983 446 xxx.
1024 375 1073 474 95

51 516 218 612 aliisque
239 513 416 601 medicis,
438 509 640 608 inquibus
662 512 707 582 cl.
731 515 788 581 vir
813 510 900 602 fuit,
924 515 1072 588 auditor

52 632 148 702 olim
169 650 298 719 meus,
315 630 538 700 Dominicus
557 629 707 722 Militia,
729 629 992 703 dissectionem
1008 659 1069 704 ac·

56 764 188 821 curate
207 741 480 820 instituendam
494 747 621 816 curavi
636 745 706 816 sub
723 762 873 817 noctem
888 751 968 845 ejus
980 751 1070 839 diei,

56 888 135 965 quo
161 869 224 940 die
249 890 359 940 mane
387 885 483 966 aegra
509 868 739 957 decesserat,
762 874 812 940 Vl
832 870 917 942 idus
942 872 1068 968 aprilis

62 977 720 1083 anni1744Ca'daxer‘macllentum
742 1000 838 1073 erat,
856 1013 926 1058 nec
945 1001 1068 1060 tamen
1094 980 1096 983 ⁵

58 1103 271 1200 plurimum
284 1147 294 1190 5
311 1117 348 1174 et
364 1104 445 1174 sine
460 1115 610 1174 artuum
624 1102 819 1174 oedemate.

106 1225 256 1294 Venter
272 1246 410 1318 aquam
423 1220 557 1292 habuit
577 1219 781 1292 subflavam
797 1243 875 1292 non
890 1240 1067 1320 paucam:

58 1353 260 1410 omentum
270 1355 391 1437 pauca
400 1337 633 1438 pinguedine
644 1341 884 1425 instructum,
895 1365 1067 1439 magnam

54 1457 327 1539 intestinorum
346 1472 491 1555 partem
512 1456 714 1555 obtegens,
734 1469 1000 1554 annexumque
1020 1459 1067 1530 ad

60 1558 311 1672 peritonaeum
344 1574 457 1646 latere
489 1576 672 1646 sinistro:
700 1576 953 1648 ventriculum
978 1599 1068 1646 con-

61 1702 237 1780 tractum,
252 1706 288 1763 et
308 1691 374 1763 ubi
385 1691 565 1763 accedere
581 1692 788 1790 incipiebat
807 1693 853 1763 ad
870 1695 1064 1791 pylorlan-

58 1821 158 1882 mum
170 1866 182 1900 ‚
195 1810 250 1881 ibi
266 1823 504 1881 contractum
522 1812 657 1907 magis,
677 1820 719 1882 ut
738 1812 777 1881 in
794 1811 891 1884 duos
904 1812 1066 1911 quadan-

57 1940 166 2001 tenus
189 1937 286 2000 esset
301 1927 455 2014 divisus,
474 1927 686 2026 parietibus
700 1944 736 2000 et
756 1929 901 2018 colore,
922 1931 951 2002 si
966 1942 1064 2002 exte·

58 2049 134 2120 rius
152 2047 358 2143 aspiceres,
374 2045 582 2116 secundum
601 2061 794 2133 naturam,
815 2047 879 2118 sed
902 2046 992 2120 facie
1010 2050 1063 2119 in·

56 2166 196 2237 teriore
213 2163 321 2261 quasi
339 2160 386 2232 ab
399 2161 697 2236 inflammatione
710 2163 920 2235 rubentem.
938 2170 1064 2237 Inerat

58 2296 141 2380 pars
157 2292 266 2378 aqua
278 2302 327 2349 an
342 2277 483 2374 jusculi
493 2281 694 2352 novissime
707 2284 866 2380 sumpti,
881 2307 967 2354 cum
983 2284 1064 2380 quis

57 2398 218 2473 busdam
251 2396 497 2468 crassioribus
526 2397 764 2495 portionibus
791 2399 938 2471 viscidae
966 2400 1063 2487 illius

58 2517 221 2589 materiae
236 2539 319 2612 quae
331 2515 476 2585 votnitu
495 2514 579 2610 ejici
598 2528 854 2588 consueverat.
873 2521 916 2588 In
930 2519 1063 2616 pyloro

57 2635 136 2732 ipso
155 2648 198 2706 et
221 2631 401 2703 duodeno
420 2632 600 2703 intestino
623 2633 718 2703 nihil
744 2634 909 2705 morbidi
930 2649 1065 2733 praeter

58 2751 216 2823 internae
236 2747 342 2820 faciei
362 2747 548 2837 colorem,
568 2751 648 2846 ejus
667 2751 826 2822 similem
838 2753 905 2847 qifi
922 2753 960 2820 in
980 2777 1064 2822 ven-

57 2868 194 2941 triculo
210 2867 332 2938 dictus
351 2873 417 2939 est.
433 2870 613 2939 Pancreas
623 2871 722 2964 justa
740 2868 907 2964 alioquin
924 2872 1064 2967 magni·

56 2987 210 3073 tudine,
223 2999 410 3082 quantum
430 2998 613 3080 quantum
630 2999 726 3073 erat,
744 2985 837 3056 adeo
857 2986 1062 3059 candidum

57 3103 147 3193 luit;
160 3102 303 3174 lobulis
315 3116 463 3189 autem,
480 3116 566 3172 cnm
584 3101 757 3174 dissecari
764 3105 971 3200 jussissem,
991 3104 1064 3177 dis·

56 3224 184 3294 tinctis
202 3220 297 3291 adeo
313 3234 350 3291 et
366 3220 553 3302 muccis,
576 3235 618 3291 ut
637 3222 667 3291 si
681 3221 872 3317 aliquanto
891 3221 1063 3295 duriores

57 3339 238 3426 luissent,
263 3351 371 3408 erant
402 3338 503 3408 enim
531 3336 753 3426 duriusculi‚
773 3357 850 3409 non
877 3340 993 3411 modo
1016 3340 1060 3411 ad

58 3457 197 3531 slrirrhi
220 3461 396 3527 naturam
413 3454 614 3544 accedere,
632 3456 754 3526 sedin
780 3456 970 3528 slrirrhum
984 3460 1061 3553 jam

58 3589 212 3674 prorsus
243 3584 466 3645 conversum
500 3591 680 3669 pancreas
708 3592 787 3645 esse
817 3577 1062 3672 pronuncias·
1151 3585 1152 3590 ’

60 3714 146 3767 sema
172 3686 328 3795 'Litus‘
344 3690 451 3785 jecur
472 3690 630 3762 interius
653 3712 760 3779 sana,
789 3692 856 3763 etsi
878 3692 940 3762 ille
964 3707 1065 3764 exte⁶

60 3812 156 3885 riore
169 3790 356 3883 rotancia
367 3848 378 3896 ι,
389 3806 463 3878 hoc
479 3805 658 3880 inferiore
673 3834 694 3878 a
710 3808 849 3881 dextris
862 3807 1062 3907 pallebant.

60 3929 127 4001 ted
145 3927 246 4002 tellis
265 3924 428 3997 vesicula
449 3925 654 4024 parictibus
670 3927 814 3998 cunctis
838 3933 916 3997 tem
931 3925 1065 3997 crassis¹
