2580 4514
164 415 238 462 un.
260 412 319 461 111.
346 412 395 459 ur
418 408 554 458 tronus
577 407 742 473 vaurms,
767 408 877 457 misr.
899 410 1018 457 xxxrv.
1048 389 1117 488 257

119 552 206 602 cum
219 540 337 615 teste,
352 505 389 598 et
402 525 498 596 rasis
512 522 559 594 ad
572 522 675 592 hunc
690 523 967 619 pertinentibus
980 528 1121 623 operie-

119 644 243 719 batur.
262 644 379 716 Testis
397 656 520 713 autem
540 641 689 712 sacculo
709 640 880 726 suberat,
901 666 983 712 vasu
1000 641 1046 713 ab
1067 645 1123 714 in-

119 777 234 837 terno
258 762 373 833 latere
397 761 561 830 exterius
578 756 836 845 adherebant,
855 772 891 828 et
907 783 1027 856 prope
1048 762 1125 831 ori-

120 866 254 952 ficium
267 877 424 963 sacculi,
441 901 520 947 non
540 900 609 974 per
621 874 695 946 hoc
709 876 852 972 ipsum,
868 891 1037 948 ventrem
1053 877 1126 949 adi·

121 994 227 1070 bamt.
257 999 347 1066 Erat
368 993 408 1065 id
427 991 613 1064 orificium
638 992 769 1063 annuli
796 993 912 1063 instar
937 995 1127 1067 crassioris

122 1137 240 1212 quem
258 1114 502 1209 peritonaeum
518 1163 527 1197 ,
546 1124 582 1181 et
601 1109 862 1204 circumjectus
879 1107 995 1180 tendo
1015 1107 1127 1181 effor-

122 1229 279 1303 mabant
292 1284 303 1308 ,
318 1227 612 1324 admittebatque
628 1242 760 1325 praeter
777 1227 891 1297 ileum
906 1229 1127 1300 intestinum

123 1361 162 1421 et
176 1349 316 1420 annexi
335 1347 424 1416 huic
440 1346 654 1416 mesenterii
668 1344 885 1442 particulam
902 1371 911 1433 ;
930 1359 1127 1418 omentum

125 1490 283 1566 quoque
293 1465 401 1560 cujus
413 1478 613 1562 propterea
631 1463 772 1533 nullam
788 1459 904 1533 ferme
918 1478 1062 1561 partem
1073 1467 1129 1535 vi-

125 1582 279 1670 deram,
299 1607 416 1679 quaea
436 1583 595 1684 sinistris
613 1581 789 1652 intestina
809 1580 1019 1680 obtegeret,
1042 1583 1132 1680 quia

125 1700 365 1775 dextrorsum
381 1715 459 1769 erat
475 1698 521 1769 ad
535 1699 704 1770 herniam
724 1714 883 1770 tractum
899 1726 906 1768 :
924 1725 994 1772 nec
1013 1698 1129 1772 modo

126 1817 175 1892 ad
192 1816 331 1890 sacculi
348 1813 508 1886 fundum
523 1815 783 1914 perveniebat,
799 1815 864 1887 sed
876 1814 963 1888 inde
981 1819 1020 1887 in
1033 1833 1131 1889 teres
1239 1802 1242 1816 ⁴

128 1958 270 2034 corpus
290 1959 327 2005 se
343 1931 604 2019 conformans,
625 1934 728 2030 quod
748 1933 820 2005 nisi
836 1934 1068 2024 incidissem,
1087 1960 1132 2008 ex

127 2076 344 2152 compressa
373 2054 515 2124 omenti
550 2052 754 2150 substantia
786 2049 924 2124 factum
949 2076 1132 2125 essenon

129 2171 413 2269 cognovissem,
430 2193 576 2240 sursum
597 2168 762 2256 redibat,
784 2185 819 2240 et
832 2171 879 2241 ad
896 2170 1010 2241 ileum
1022 2171 1132 2240 inter·

128 2301 308 2387 ceptum,
328 2285 429 2357 haud
448 2288 580 2385 procul
601 2287 647 2357 ab
668 2286 811 2357 orificio
829 2287 985 2376 sacculi,
1009 2313 1047 2359 se
1068 2311 1133 2358 an·

130 2404 320 2481 nectebat.
352 2403 410 2475 Ad
437 2405 627 2475 sacculum
654 2418 777 2474 autem
809 2403 993 2502 quidquid
1020 2405 1059 2474 in
1087 2429 1133 2476 eo

129 2524 276 2596 omenti
301 2536 399 2609 erat,
422 2546 610 2593 annexum
630 2523 764 2620 passim
784 2522 910 2592 inveni
933 2546 1002 2618 per
1024 2522 1136 2594 inter-

126 2641 271 2738 jectum
291 2638 483 2737 quoddam
504 2663 640 2736 corpus
661 2638 799 2710 rubens
817 2653 854 2709 et
869 2637 1078 2726 flaccidum,
1094 2652 1136 2712 ut

129 2753 240 2835 tacite
260 2771 387 2855 posset
405 2757 453 2829 ab
472 2771 626 2828 omento
644 2771 680 2827 et
700 2755 847 2826 sacculo
865 2757 1047 2852 separari,
1065 2779 1136 2826 nec

131 2873 235 2949 aliud
259 2898 374 2972 quam
398 2874 646 2946 membraneae
665 2875 806 2945 cellulae
831 2894 909 2942 esse
928 2871 1137 2962 videretur,

133 2994 207 3067 seri
230 3006 268 3064 et
292 2980 484 3090 sauguinis
502 2993 632 3090 pienae.
650 2992 766 3061 lleum
784 3012 874 3059 vero
896 2988 1138 3061 nec'saccuio

133 3132 326 3182 annexum
346 3125 444 3194 erat,
467 3134 590 3207 neque
603 3108 649 3179 ud
662 3109 742 3203 ejus
761 3103 921 3177 fundum
944 3109 1140 3204 pervenie-

132 3222 220 3317 bat3
239 3226 305 3300 sed
327 3228 438 3325 paulo
458 3224 554 3298 infra
574 3224 780 3309 orificium,
801 3227 836 3293 in
859 3248 967 3296 arcus
984 3223 1142 3296 modum

134 3369 174 3420 se
190 3369 374 3432 curvans,
393 3344 522 3416 eadem
542 3370 615 3442 qua
632 3356 805 3428 venerat,
825 3341 959 3412 orificii
975 3343 1034 3412 vie
1046 3342 1143 3414 redi·

133 3459 202 3536 bat
229 3465 271 3532 in
296 3477 488 3549 ventrem3
510 3478 569 3550 ut,
600 3461 629 3532 si
655 3461 876 3557 explicares,
896 3485 974 3557 non
995 3459 1079 3556 plus
1098 3484 1145 3532 ex

135 3602 183 3654 eo
202 3579 385 3651 intestino
402 3604 514 3675 quam
536 3577 583 3649 ad
602 3594 765 3675 quatuor
781 3591 844 3648 aut
860 3579 1031 3674 quinque
1050 3576 1147 3673 digi-

134 3710 198 3769 tos
212 3698 464 3794 iuterceptum
483 3721 562 3770 esse
580 3697 778 3767 invenires.
797 3694 840 3763 ld
859 3719 972 3764 omne
988 3710 1148 3792 gangras-

134 3839 185 3887 na
203 3811 385 3887 affectum
402 3814 629 3912 nigricabat;
650 3814 715 3886 sed
737 3813 856 3884 multo
879 3813 930 3883 ibi
949 3814 1067 3908 magis
1082 3812 1150 3882 ubi

133 3932 176 4005 in
196 3929 348 4004 orificio
363 3934 499 4005 sacculi
519 3931 870 4032 constringebatur:
886 3932 996 4023 cujus
1015 3927 1148 4001 orificii

215 4053 251 4138 li
937 4069 978 4142 Ι7
