2580 4514
83 397 87 403 ·
137 373 211 458 604
303 395 349 441 nr
375 389 520 440 tamnus
543 391 589 437 rr
613 379 737 437 caosrs
762 389 981 438 ιιοιιιιοιιιιιι

138 508 277 607 quibus
311 504 421 579 simul
444 502 573 575 ¹omnis
605 519 904 600 prorumperet,
941 527 1005 576 eos
1030 506 1126 594 mori;

139 623 278 724 quibus
296 646 387 694 vero
415 620 592 719 paulatim
621 621 837 716 partiteque
855 620 999 707 exiret,
1016 645 1128 692 eorum

139 741 286 838 aliquos
298 739 566 810 convalescere.
589 739 718 831 ltaque
739 751 925 808 naturam
942 753 1045 810 recte
1057 763 1130 836 ope·

140 872 284 929 rantem
299 855 460 939 medici,
479 869 521 925 ut
537 853 680 939 solent,
697 852 837 924 imitari
855 868 1088 951 potuerunt,
1104 867 1131 925 et

140 975 385 1072 Hippocrates
401 978 456 1067 (1)
472 969 607 1041 deinde
622 993 663 1040 ac
676 968 808 1041 Celsus
824 971 885 1064 (a)
903 996 1082 1060 monere,
1096 994 1132 1042 ne

74 1100 79 1109 '
141 1091 264 1162 omnis
287 1088 397 1160 simul
421 1111 518 1185 aqua
541 1088 755 1172 emittatur;
774 1086 1027 1162 mortiferum
1052 1088 1133 1162 enim

140 1209 179 1278 id
198 1231 303 1278 esse:
326 1207 433 1303 cujus
457 1206 511 1276 rei
537 1228 665 1276 causas
690 1205 761 1274 viri
792 1203 901 1278 docti
930 1221 1061 1279 nostra
1080 1205 1135 1276 hac

141 1339 242 1396 aetate
262 1323 475 1422 complures
493 1336 767 1420 exposuerunt,
783 1323 876 1395 etin
893 1324 944 1394 iis
961 1326 1136 1420 Verneyns

138 1442 268 1538 junior
278 1441 354 1538 (3),
373 1437 601 1512 Werlhofius
613 1438 682 1536 (Δ),
693 1438 951 1538 Meadius(5),
967 1440 1135 1540 copiosius

141 1573 265 1631 autem
283 1557 335 1629 ill.
353 1558 527 1629 senarius
542 1556 604 1654 (6).
623 1559 795 1647 Quorum
811 1557 1089 1656 explicationes
1103 1579 1136 1629 ea

142 1700 294 1774 quoque
308 1673 530 1747 confirmare
550 1674 699 1746 videtur
716 1673 941 1747 observatio
955 1676 1012 1774 (7)
1024 1675 1136 1762 omnis,

36 1784 39 1789 ’
142 1795 220 1866 sine
229 1793 344 1863 animi
358 1790 523 1881 defectu,
538 1791 680 1864 eductae
694 1793 880 1880 materiae,
896 1793 971 1865 sed
985 1795 1036 1868 ob
1045 1791 1135 1889 hujus

142 1910 375 1982 tenacitatem
391 1909 490 1982 lente
506 1909 622 1999 adeo,
645 1925 688 1981 ut
712 1924 788 1980 tres
810 1908 939 1983 ferme
961 1910 1063 1983 horae
1079 1911 1135 1982 sint

143 2027 316 2125 impensae
338 2054 346 2096 :
374 2026 621 2124 quodminus
642 2025 710 2097 tibi
731 2027 872 2098 mirum
900 2028 1069 2116 accidet,
1084 2023 1135 2097 nbi

142 2167 187 2214 ex
206 2142 251 2213 ci.
272 2145 470 2242 Targionio
491 2143 545 2240 (8)
566 2145 713 2214 noveris
730 2141 845 2216 fuisse
865 2143 1133 2245 hydropicum,

143 2263 203 2333 cui
220 2260 310 2332 tam·¹
318 2260 431 2334 densa
442 2261 610 2358 gelatina
624 2277 793 2333 ventrem
811 2263 1030 2360 implebat,
1048 2259 1133 2334 nulla

142 2393 185 2451 ut
198 2394 275 2451 arte
289 2378 337 2450 ab
355 2380 672 2479 experientissimo
689 2378 873 2478 chirurgo
890 2381 1011 2454 educi
1028 2394 1134 2481 potue

96 2530 112 2545 .
143 2497 201 2568 rit.
224 2497 295 2571 Sed
319 2497 422 2585 nulla
441 2522 501 2570 res
516 2498 633 2595 magis
654 2496 734 2568 illas
767 2493 1019 2571 confirmavit
1039 2494 1132 2595 expli·

143 2615 327 2703 cationes,
347 2640 459 2712 quam
474 2614 680 2687 secundum
701 2615 800 2712 ipsas
818 2611 990 2688 feliciter
1008 2612 1133 2712 excogi-

142 2747 216 2804 tata
231 2733 326 2804 ratio
343 2733 466 2804 omnis
480 2731 591 2805 simul
609 2756 712 2828 aquae
733 2733 892 2804 innoxie
911 2729 1130 2817 emittendae,

142 2850 318 2922 nimirum
337 2849 525 2921 abdomen
545 2875 622 2922 non
645 2847 760 2920 modo
779 2864 997 2948 postquam
1020 2846 1131 2922 emisa

244 3628 277 3683 C.
291 3625 340 3682 cit.
355 3644 444 3700 supra
458 3626 496 3682 ad
507 3645 537 3681 n.
554 3626 591 3682 32
607 3626 658 3683 cit.

244 3726 343 3782 ‘fraite
357 3726 397 3781 du
412 3744 511 3794 coeur,
524 3727 544 3779 1.
559 3732 593 3794 4,
609 3710 655 3782 ch.
673 3742 724 3794 ιι,
739 3743 769 3779 ιι.
785 3726 814 3783 3.

247 3828 410 3883 Commerc.
423 3825 513 3880 litter.
525 3842 572 3881 an.
590 3824 679 3896 1745,
693 3819 782 3881 hebd.
797 3823 853 3899 δι,
868 3847 904 3885 ιι.
918 3831 952 3887 3.

186 3922 226 4001 (8)
248 3926 346 3983 Prima
358 3927 488 3985 raccolta
500 3925 532 3984 di
543 3943 653 3983 osserv.
668 3924 753 3982 med..
