2580 4514
200 367 268 415 rm.
289 366 345 414 111.
367 368 413 414 nr
432 367 566 417 nonnis
582 368 752 433 vrrrrms,
771 371 882 419 misr.
903 370 1053 418 xxxvnr.
1081 347 1152 449 677

150 478 338 552 musculos
358 481 578 552 abdominis.
607 486 771 567 Verum,
790 499 832 553 ut
858 483 904 553 ad
923 486 1072 582 signum
1094 511 1154 557 re·

149 597 259 669 deam
277 623 296 668 a
313 597 528 671 subsidente
554 598 735 672 umbilico
764 601 1048 696 circumjectave
1065 628 1154 701 pro·

91 711 93 716 ’
144 716 244 785 xime
261 731 366 812 parte
384 714 610 801 deductum,
646 718 773 786 malim
793 741 880 787 cum
899 717 1047 789 laudato
1062 724 1152 791 Res-

145 833 306 930 pingero
335 831 410 927 (ι),
436 833 544 928 cujus
572 857 727 930 quoque
753 831 965 905 observatio
991 836 1025 905 ei
1046 836 1153 932 signo

145 947 385 1034 adversatur,
404 948 551 1036 malim,
570 951 747 1047 inquam,
765 947 941 1039 credere,
962 975 1048 1022 cum
1067 977 1153 1048 pro·

144 1065 311 1160 positum
331 1079 406 1151 est,
426 1089 532 1136 casus
561 1066 745 1163 quosdam
778 1064 890 1138 fuisse
911 1081 1095 1167 spectatos
1112 1068 1152 1138 in

143 1179 285 1281 quibus
302 1195 366 1252 aut
380 1180 542 1253 necdum
556 1206 777 1280 progressus
790 1198 885 1255 esset
899 1183 1073 1271 morbus,
1089 1199 1153 1256 aut
1202 1265 1204 1269 v
1235 1207 1238 1220 ·

143 1312 245 1369 certe
261 1323 357 1395 aqua
376 1323 494 1395 pauca
514 1315 620 1373 esset.
640 1299 749 1372 Unde
767 1300 1073 1399 intellignslicet,
1097 1316 1150 1372 ta-

142 1415 253 1485 metsi
271 1414 361 1486 huic
372 1417 480 1512 signo
500 1440 542 1488 ea
562 1442 644 1514 quae
657 1416 771 1516 paulo
786 1431 872 1489 ante
885 1416 1033 1512 objecta
1045 1431 1148 1505 sunt,

142 1529 259 1626 objici
287 1556 367 1602 non
396 1547 567 1629 possent,
590 1533 724 1617 inutile
753 1547 878 1606 tamen
906 1535 1029 1631 ipsum
1048 1531 1151 1622 fore,

143 1672 231 1720 cum
243 1643 412 1746 hydrops
420 1650 615 1748 peritonaei
626 1649 673 1721 ad
687 1649 855 1721 umbilici
865 1651 1059 1749 regionem
1070 1677 1149 1723 non

144 1789 185 1837 se
204 1765 445 1854 extenderet,
463 1767 629 1864 itemque
647 1791 692 1838 co
712 1782 883 1868 tempore
901 1767 947 1839 ad
960 1767 1044 1840 illos
1058 1766 1150 1840 alios

141 1881 342 1954 conclusos
368 1881 580 1983 hydropes‚
603 1886 743 1982 quippe
770 1883 869 1958 inter
898 1884 1089 1956 musculos
1113 1900 1150 1957 et

138 1999 390 2097 peritonaeum
409 2001 564 2073 minime
585 2003 674 2074 sitos
705 2001 751 2073 ab
778 1999 852 2073 hoc
872 2001 919 2071 de
936 2027 1014 2100 quo
1026 2002 1150 2099 loqui·

138 2141 227 2192 mur
255 2116 577 2190 internoscendos.
614 2115 727 2207 Quod
753 2132 790 2188 et
813 2117 860 2188 de
880 2117 960 2187 aliis
978 2108 1146 2213 ejusdem

140 2234 259 2329 signis
276 2257 431 2320 vereor,
446 2257 529 2329 quae
544 2258 566 2304 a
579 2233 669 2305 viris
679 2234 908 2331 caeteroquin
924 2233 1148 2307 doctissimis

138 2348 422 2448 proponuntur.
442 2349 537 2420 Sunt
553 2347 643 2419 haec.
663 2351 700 2422 Si
722 2364 854 2422 venter
882 2349 1052 2422 eamdem
1070 2347 1146 2424 fere

139 2479 339 2536 conservat
358 2463 538 2565 figuram,
558 2467 704 2539 tametsi
722 2468 892 2565 corporis
916 2467 1007 2538 situs
1026 2481 1146 2539 mute·

137 2599 212 2656 tur.
235 2583 272 2655 Si
292 2598 421 2654 tumor
444 2583 672 2681 peculiarem
696 2581 811 2655 habet
831 2584 1146 2683 circumscriptio·

137 2725 239 2772 nem.
269 2700 306 2772 Si
330 2700 472 2773 ventris
490 2716 545 2773 est
564 2700 671 2773 locus
694 2701 829 2799 aliquis
851 2703 891 2772 in
911 2725 1012 2797 quo,
1043 2701 1074 2773 si
1097 2700 1147 2775 ab.

138 2817 260 2888 altero
280 2816 396 2889 latere
416 2819 666 2915 percutiatur,
687 2818 812 2891 nullus
830 2820 870 2891 in
892 2817 1067 2917 &pposito
1092 2820 1145 2888 ic-

138 2950 223 3024 tus,
241 2935 346 3006 nulla
371 2933 566 3008 fluctuatio
587 2937 802 3035 percipitur.
837 2941 1000 3024 Verum,
1026 2949 1069 3005 ut
1097 2933 1144 3006 ab

137 3053 214 3125 hoc
232 3054 369 3124 ultimo
388 3054 591 3153 incipiam,
623 3069 660 3126 et
690 3055 859 3126 omittam
881 3051 1071 3126 Nuckiurn
1088 3051 1143 3153 (α)

138 3171 363 3268 intersigna
381 3184 445 3241 aut
463 3185 564 3244 certe
583 3173 682 3244 inter
701 3170 804 3244 bona
822 3172 926 3271 signa
940 3169 1063 3244 morbi
1073 3169 1146 3243 hu·

138 3289 200 3386 jus
215 3288 254 3359 id
268 3289 458 3386 posuisse,
476 3293 510 3358 si
516 3291 889 3384 fluctuationemfere
903 3285 1146 3388 nullamper-

139 3409 280 3476 sentiat
291 3420 501 3501 oegrotonr,·
519 3403 827 3479 Hoechstetterus
840 3404 894 3504 (3)
909 3405 956 3478 de
974 3429 1071 3503 aegra
1080 3427 1147 3480 sua
1178 3454 1181 3462 ·

179 3704 224 3785 (1)
245 3705 305 3762 cit.
320 3705 359 3762 ad
370 3725 401 3762 n.
420 3704 469 3762 50.

183 3804 226 3882 (r)
248 3804 326 3863 lbid.

182 3903 418 3982 fflfflmm
