<?xml version="1.0" encoding="UTF-8"?>
<!DOCTYPE html PUBLIC "-//W3C//DTD XHTML 1.0 Transitional//EN"
    "http://www.w3.org/TR/xhtml1/DTD/xhtml1-transitional.dtd">
<html xmlns="http://www.w3.org/1999/xhtml" xml:lang="en" lang="en">
 <head>
  <title>
</title>
<meta http-equiv="Content-Type" content="text/html;charset=utf-8" />
  <meta name='ocr-system' content='tesseract 3.04.00' />
  <meta name='ocr-capabilities' content='ocr_page ocr_carea ocr_par ocr_line ocrx_word'/>
</head>
<body>
  <div class='ocr_page' id='page_1' title='image "./desedibusetcaus00adelgoog_0172.png"; bbox 0 0 2580 4514; ppageno 0'>
   <div class='ocr_carea' id='block_1_1' title="bbox 180 399 1125 495">
    <p class='ocr_par' dir='ltr' id='par_1_1' title="bbox 180 399 1125 495">
     <span class='ocr_line' id='line_1_1' title="bbox 180 399 1125 495; baseline 0.004 -31"><span class='ocrx_word' id='word_1_1' title='bbox 180 417 238 465; x_wconf 81' lang='lat' dir='ltr'>uu.</span> <span class='ocrx_word' id='word_1_2' title='bbox 265 417 322 465; x_wconf 87' lang='lat'><em>111.</em></span> <span class='ocrx_word' id='word_1_3' title='bbox 351 421 398 466; x_wconf 77' lang='lat' dir='ltr'>ur</span> <span class='ocrx_word' id='word_1_4' title='bbox 424 418 560 466; x_wconf 77' lang='lat' dir='ltr'>aroaurs</span> <span class='ocrx_word' id='word_1_5' title='bbox 587 418 1013 485; x_wconf 73' lang='lat' dir='ltr'>vaururs,ar1sr.xrrr.</span> <span class='ocrx_word' id='word_1_6' title='bbox 1060 399 1125 495; x_wconf 75' lang='lat'>169</span> 
     </span>
    </p>
   </div>
   <div class='ocr_carea' id='block_1_2' title="bbox 119 531 1199 3562">
    <p class='ocr_par' dir='ltr' id='par_1_2' title="bbox 119 531 1199 3562">
     <span class='ocr_line' id='line_1_2' title="bbox 147 531 1123 628; baseline 0.004 -27"><span class='ocrx_word' id='word_1_7' title='bbox 147 532 237 626; x_wconf 77' lang='lat' dir='ltr'>ejecta</span> <span class='ocrx_word' id='word_1_8' title='bbox 255 532 352 628; x_wconf 83' lang='lat' dir='ltr'>legi,</span> <span class='ocrx_word' id='word_1_9' title='bbox 376 531 437 600; x_wconf 83' lang='lat' dir='ltr'>vix</span> <span class='ocrx_word' id='word_1_10' title='bbox 457 533 569 602; x_wconf 91' lang='lat' dir='ltr'>unius</span> <span class='ocrx_word' id='word_1_11' title='bbox 598 531 712 601; x_wconf 85' lang='lat' dir='ltr'>modo</span> <span class='ocrx_word' id='word_1_12' title='bbox 736 533 837 602; x_wconf 86' lang='lat' dir='ltr'>venit</span> <span class='ocrx_word' id='word_1_13' title='bbox 867 537 905 602; x_wconf 89' lang='lat' dir='ltr'>in</span> <span class='ocrx_word' id='word_1_14' title='bbox 937 549 1123 623; x_wconf 84' lang='lat' dir='ltr'>ruentem,</span> 
     </span>
     <span class='ocr_line' id='line_1_3' title="bbox 150 646 1124 747; baseline 0.004 -31"><span class='ocrx_word' id='word_1_15' title='bbox 150 653 300 744; x_wconf 85' lang='lat' dir='ltr'>aPeyero</span> <span class='ocrx_word' id='word_1_16' title='bbox 321 651 336 743; x_wconf 80' lang='lat'>(</span> <span class='ocrx_word' id='word_1_17' title='bbox 361 646 375 743; x_wconf 78' lang='grc'>)</span> <span class='ocrx_word' id='word_1_18' title='bbox 402 651 621 731; x_wconf 86' lang='lat' dir='ltr'>memorati,</span> <span class='ocrx_word' id='word_1_19' title='bbox 653 648 884 745; x_wconf 70' lang='lat' dir='ltr'>quodannis</span> <span class='ocrx_word' id='word_1_20' title='bbox 914 657 1124 747; x_wconf 73' lang='lat' dir='ltr'><em>sanguineis</em></span> 
     </span>
     <span class='ocr_line' id='line_1_4' title="bbox 151 761 1124 864; baseline 0.004 -32"><span class='ocrx_word' id='word_1_21' title='bbox 151 761 234 835; x_wconf 77' lang='lat' dir='ltr'>fiterit</span> <span class='ocrx_word' id='word_1_22' title='bbox 247 765 455 862; x_wconf 75' lang='lat' dir='ltr'>praeditum</span> <span class='ocrx_word' id='word_1_23' title='bbox 464 793 478 852; x_wconf 90' lang='lat'>,·</span> <span class='ocrx_word' id='word_1_24' title='bbox 506 768 613 837; x_wconf 87' lang='lat' dir='ltr'>sicuti</span> <span class='ocrx_word' id='word_1_25' title='bbox 643 766 708 836; x_wconf 89' lang='lat' dir='ltr'>ubi</span> <span class='ocrx_word' id='word_1_26' title='bbox 742 766 893 862; x_wconf 83' lang='lat' dir='ltr'>aliquod</span> <span class='ocrx_word' id='word_1_27' title='bbox 915 767 972 838; x_wconf 90' lang='lat' dir='ltr'>his</span> <span class='ocrx_word' id='word_1_28' title='bbox 992 767 1124 864; x_wconf 88' lang='lat' dir='ltr'>praedi-</span> 
     </span>
     <span class='ocr_line' id='line_1_5' title="bbox 151 883 1124 980; baseline 0.007 -32"><span class='ocrx_word' id='word_1_29' title='bbox 151 894 208 950; x_wconf 89' lang='lat' dir='ltr'>tuu</span> <span class='ocrx_word' id='word_1_30' title='bbox 223 885 314 954; x_wconf 86' lang='lat' dir='ltr'>vasis</span> <span class='ocrx_word' id='word_1_31' title='bbox 329 884 504 980; x_wconf 87' lang='lat' dir='ltr'>praeclare</span> <span class='ocrx_word' id='word_1_32' title='bbox 522 883 686 971; x_wconf 88' lang='lat' dir='ltr'>videam,</span> <span class='ocrx_word' id='word_1_33' title='bbox 704 908 773 980; x_wconf 89' lang='lat' dir='ltr'>pro</span> <span class='ocrx_word' id='word_1_34' title='bbox 793 901 895 954; x_wconf 86' lang='lat' dir='ltr'>certo</span> <span class='ocrx_word' id='word_1_35' title='bbox 915 885 961 953; x_wconf 89' lang='lat' dir='ltr'>ad</span> <span class='ocrx_word' id='word_1_36' title='bbox 983 911 1124 980; x_wconf 85' lang='lat' dir='ltr'>excres-</span> 
     </span>
     <span class='ocr_line' id='line_1_6' title="bbox 153 996 1124 1096; baseline 0.008 -33"><span class='ocrx_word' id='word_1_37' title='bbox 153 1001 259 1070; x_wconf 89' lang='lat' dir='ltr'>centias</span> <span class='ocrx_word' id='word_1_38' title='bbox 282 996 523 1070; x_wconf 87' lang='lat' dir='ltr'>referendum</span> <span class='ocrx_word' id='word_1_39' title='bbox 546 1025 626 1071; x_wconf 88' lang='lat' dir='ltr'>esse</span> <span class='ocrx_word' id='word_1_40' title='bbox 657 1000 939 1096; x_wconf 88' lang='lat' dir='ltr'>pronunciab0;</span> <span class='ocrx_word' id='word_1_41' title='bbox 961 1005 1011 1071; x_wconf 92' lang='lat' dir='ltr'>sic</span> <span class='ocrx_word' id='word_1_42' title='bbox 1035 1027 1124 1072; x_wconf 90' lang='lat' dir='ltr'>con·</span> 
     </span>
     <span class='ocr_line' id='line_1_7' title="bbox 151 1103 1190 1215; baseline 0.006 -33"><span class='ocrx_word' id='word_1_43' title='bbox 151 1124 203 1200; x_wconf 85' lang='lat' dir='ltr'>tra,</span> <span class='ocrx_word' id='word_1_44' title='bbox 216 1103 330 1212; x_wconf 84' lang='lat' dir='ltr'>probe</span> <span class='ocrx_word' id='word_1_45' title='bbox 344 1119 517 1188; x_wconf 87' lang='lat' dir='ltr'>conscius</span> <span class='ocrx_word' id='word_1_46' title='bbox 533 1142 645 1215; x_wconf 87' lang='lat' dir='ltr'>quam</span> <span class='ocrx_word' id='word_1_47' title='bbox 665 1115 771 1186; x_wconf 85' lang='lat' dir='ltr'>facile</span> <span class='ocrx_word' id='word_1_48' title='bbox 786 1143 803 1185; x_wconf 92' lang='lat' dir='ltr'>a</span> <span class='ocrx_word' id='word_1_49' title='bbox 823 1118 1013 1214; x_wconf 72' lang='lat' dir='ltr'>polypusis</span> <span class='ocrx_word' id='word_1_50' title='bbox 1032 1143 1122 1188; x_wconf 86' lang='lat' dir='ltr'>con·</span> <span class='ocrx_word' id='word_1_51' title='bbox 1187 1164 1190 1170; x_wconf 86' lang='lat'><strong>·</strong></span> 
     </span>
     <span class='ocr_line' id='line_1_8' title="bbox 152 1232 1122 1330; baseline 0.01 -36"><span class='ocrx_word' id='word_1_52' title='bbox 152 1232 352 1303; x_wconf 85' lang='lat' dir='ltr'><strong>cretionibus</strong></span> <span class='ocrx_word' id='word_1_53' title='bbox 381 1232 463 1303; x_wconf 87' lang='lat' dir='ltr'>fieri</span> <span class='ocrx_word' id='word_1_54' title='bbox 493 1232 617 1321; x_wconf 85' lang='lat' dir='ltr'>fucus,</span> <span class='ocrx_word' id='word_1_55' title='bbox 653 1249 689 1304; x_wconf 89' lang='lat' dir='ltr'>et</span> <span class='ocrx_word' id='word_1_56' title='bbox 714 1235 857 1330; x_wconf 79' lang='lat' dir='ltr'>imponi</span> <span class='ocrx_word' id='word_1_57' title='bbox 885 1232 1122 1304; x_wconf 74' lang='lat' dir='ltr'>miritifariam</span> 
     </span>
     <span class='ocr_line' id='line_1_9' title="bbox 150 1351 1124 1448; baseline 0.008 -34"><span class='ocrx_word' id='word_1_58' title='bbox 150 1351 255 1437; x_wconf 86' lang='lat' dir='ltr'><strong>possit,</strong></span> <span class='ocrx_word' id='word_1_59' title='bbox 274 1376 354 1420; x_wconf 90' lang='lat' dir='ltr'>non</span> <span class='ocrx_word' id='word_1_60' title='bbox 382 1351 452 1421; x_wconf 90' lang='lat' dir='ltr'>uisi</span> <span class='ocrx_word' id='word_1_61' title='bbox 471 1351 698 1448; x_wconf 85' lang='lat' dir='ltr'>suspicando</span> <span class='ocrx_word' id='word_1_62' title='bbox 723 1367 759 1421; x_wconf 90' lang='lat' dir='ltr'>et</span> <span class='ocrx_word' id='word_1_63' title='bbox 784 1352 1045 1446; x_wconf 81' lang='lat' dir='ltr'>conjicienda,</span> <span class='ocrx_word' id='word_1_64' title='bbox 1064 1353 1124 1422; x_wconf 87' lang='lat' dir='ltr'>ali-</span> 
     </span>
     <span class='ocr_line' id='line_1_10' title="bbox 150 1465 1124 1565; baseline 0.01 -35"><span class='ocrx_word' id='word_1_65' title='bbox 150 1465 216 1554; x_wconf 86' lang='lat' dir='ltr'>quid</span> <span class='ocrx_word' id='word_1_66' title='bbox 232 1468 435 1561; x_wconf 86' lang='lat' dir='ltr'>ejusmodi,</span> <span class='ocrx_word' id='word_1_67' title='bbox 454 1467 499 1538; x_wconf 89' lang='lat' dir='ltr'>de</span> <span class='ocrx_word' id='word_1_68' title='bbox 516 1469 671 1564; x_wconf 89' lang='lat' dir='ltr'>reliquis</span> <span class='ocrx_word' id='word_1_69' title='bbox 685 1468 944 1565; x_wconf 78' lang='lat' dir='ltr'>respondebO,</span> <span class='ocrx_word' id='word_1_70' title='bbox 964 1495 1045 1564; x_wconf 86' lang='lat' dir='ltr'>quae</span> <span class='ocrx_word' id='word_1_71' title='bbox 1060 1486 1124 1541; x_wconf 91' lang='lat' dir='ltr'>aut</span> 
     </span>
     <span class='ocr_line' id='line_1_11' title="bbox 147 1583 1122 1682; baseline 0.01 -35"><span class='ocrx_word' id='word_1_72' title='bbox 147 1583 410 1655; x_wconf 72' lang='lat' dir='ltr'>verisillis&#39;vasis</span> <span class='ocrx_word' id='word_1_73' title='bbox 434 1600 599 1672; x_wconf 84' lang='lat' dir='ltr'><strong>careant,</strong></span> <span class='ocrx_word' id='word_1_74' title='bbox 622 1601 686 1656; x_wconf 88' lang='lat' dir='ltr'>aut</span> <span class='ocrx_word' id='word_1_75' title='bbox 708 1588 807 1656; x_wconf 88' lang='lat' dir='ltr'>cauti</span> <span class='ocrx_word' id='word_1_76' title='bbox 823 1588 1122 1682; x_wconf 79' lang='lat' dir='ltr'>experientisque</span> 
     </span>
     <span class='ocr_line' id='line_1_12' title="bbox 145 1692 1122 1800; baseline 0.008 -35"><span class='ocrx_word' id='word_1_77' title='bbox 145 1692 285 1798; x_wconf 73' lang='lat' dir='ltr'>chirurgi</span> <span class='ocrx_word' id='word_1_78' title='bbox 296 1701 441 1797; x_wconf 85' lang='lat' dir='ltr'>judicio</span> <span class='ocrx_word' id='word_1_79' title='bbox 458 1728 527 1800; x_wconf 89' lang='lat' dir='ltr'>pro</span> <span class='ocrx_word' id='word_1_80' title='bbox 542 1705 756 1775; x_wconf 84' lang='lat' dir='ltr'>certissimis</span> <span class='ocrx_word' id='word_1_81' title='bbox 772 1705 1032 1781; x_wconf 87' lang='lat' dir='ltr'>excrescentiis</span> <span class='ocrx_word' id='word_1_82' title='bbox 1045 1729 1122 1774; x_wconf 91' lang='lat' dir='ltr'>non</span> 
     </span>
     <span class='ocr_line' id='line_1_13' title="bbox 138 1819 1121 1912; baseline 0.003 -25"><span class='ocrx_word' id='word_1_83' title='bbox 138 1827 379 1912; x_wconf 66' lang='lat' dir='ltr'>agnoscantur.</span> <span class='ocrx_word' id='word_1_84' title='bbox 413 1819 471 1889; x_wconf 89' lang='lat' dir='ltr'>Sic</span> <span class='ocrx_word' id='word_1_85' title='bbox 503 1821 678 1892; x_wconf 84' lang='lat' dir='ltr'>Valsalvae</span> <span class='ocrx_word' id='word_1_86' title='bbox 714 1822 804 1890; x_wconf 87' lang='lat' dir='ltr'>olim</span> <span class='ocrx_word' id='word_1_87' title='bbox 839 1821 1005 1909; x_wconf 90' lang='lat' dir='ltr'>credidi,</span> <span class='ocrx_word' id='word_1_88' title='bbox 1037 1847 1121 1892; x_wconf 86' lang='lat' dir='ltr'>curn</span> 
     </span>
     <span class='ocr_line' id='line_1_14' title="bbox 131 1938 1121 2036; baseline 0.01 -35"><span class='ocrx_word' id='word_1_89' title='bbox 131 1945 267 2006; x_wconf 79' lang='lat' dir='ltr'>mecum</span> <span class='ocrx_word' id='word_1_90' title='bbox 287 1938 512 2035; x_wconf 87' lang='lat' dir='ltr'>sanguineos</span> <span class='ocrx_word' id='word_1_91' title='bbox 533 1939 682 2009; x_wconf 73' lang='lat' dir='ltr'>ichores</span> <span class='ocrx_word' id='word_1_92' title='bbox 695 1940 899 2035; x_wconf 86' lang='lat' dir='ltr'>inspiciens</span> <span class='ocrx_word' id='word_1_93' title='bbox 915 1964 934 2008; x_wconf 93' lang='lat' dir='ltr'>a</span> <span class='ocrx_word' id='word_1_94' title='bbox 951 1939 1121 2036; x_wconf 86' lang='lat' dir='ltr'>dysente-</span> 
     </span>
     <span class='ocr_line' id='line_1_15' title="bbox 124 2044 1121 2154; baseline 0.006 -32"><span class='ocrx_word' id='word_1_95' title='bbox 124 2050 195 2123; x_wconf 69' lang='lat' dir='ltr'>rico</span> <span class='ocrx_word' id='word_1_96' title='bbox 213 2053 409 2152; x_wconf 84' lang='lat' dir='ltr'>desperato</span> <span class='ocrx_word' id='word_1_97' title='bbox 429 2071 572 2153; x_wconf 83' lang='lat' dir='ltr'>egestus</span> <span class='ocrx_word' id='word_1_98' title='bbox 582 2110 591 2142; x_wconf 87' lang='lat'>,</span> <span class='ocrx_word' id='word_1_99' title='bbox 601 2059 639 2126; x_wconf 92' lang='lat' dir='ltr'>in</span> <span class='ocrx_word' id='word_1_100' title='bbox 653 2058 773 2152; x_wconf 90' lang='lat' dir='ltr'>iisque</span> <span class='ocrx_word' id='word_1_101' title='bbox 788 2054 989 2128; x_wconf 81' lang='lat' dir='ltr'>frustulum</span> <span class='ocrx_word' id='word_1_102' title='bbox 1004 2044 1121 2154; x_wconf 82' lang='lat' dir='ltr'>quod-</span> 
     </span>
     <span class='ocr_line' id='line_1_16' title="bbox 119 2155 1122 2272; baseline 0.008 -33"><span class='ocrx_word' id='word_1_103' title='bbox 119 2161 223 2260; x_wconf 76' lang='lat' dir='ltr'>dam,</span> <span class='ocrx_word' id='word_1_104' title='bbox 243 2173 274 2242; x_wconf 91' lang='lat' dir='ltr'>si</span> <span class='ocrx_word' id='word_1_105' title='bbox 295 2155 414 2243; x_wconf 80' lang='lat' dir='ltr'>colori</span> <span class='ocrx_word' id='word_1_106' title='bbox 433 2172 613 2244; x_wconf 84' lang='lat' dir='ltr'>duntaxat</span> <span class='ocrx_word' id='word_1_107' title='bbox 633 2174 824 2259; x_wconf 80' lang='lat' dir='ltr'>credercS,</span> <span class='ocrx_word' id='word_1_108' title='bbox 840 2174 933 2243; x_wconf 87' lang='lat' dir='ltr'>nihil</span> <span class='ocrx_word' id='word_1_109' title='bbox 951 2176 1122 2272; x_wconf 84' lang='lat' dir='ltr'>nisigru-</span> 
     </span>
     <span class='ocr_line' id='line_1_17' title="bbox 119 2291 1121 2389; baseline 0.006 -31"><span class='ocrx_word' id='word_1_110' title='bbox 119 2304 218 2359; x_wconf 81' lang='lat' dir='ltr'>tuum</span> <span class='ocrx_word' id='word_1_111' title='bbox 234 2291 427 2386; x_wconf 83' lang='lat' dir='ltr'>sanguinis</span> <span class='ocrx_word' id='word_1_112' title='bbox 442 2307 732 2388; x_wconf 78' lang='lat' dir='ltr'>repraescntanS,</span> <span class='ocrx_word' id='word_1_113' title='bbox 752 2293 814 2362; x_wconf 86' lang='lat' dir='ltr'>ille</span> <span class='ocrx_word' id='word_1_114' title='bbox 831 2291 898 2361; x_wconf 90' lang='lat' dir='ltr'>ubi</span> <span class='ocrx_word' id='word_1_115' title='bbox 913 2308 1121 2389; x_wconf 84' lang='lat' dir='ltr'>perattente</span> 
     </span>
     <span class='ocr_line' id='line_1_18' title="bbox 119 2407 1122 2506; baseline 0.007 -34"><span class='ocrx_word' id='word_1_116' title='bbox 119 2407 342 2476; x_wconf 63' lang='lat' dir='ltr'>sxaminavit</span> <span class='ocrx_word' id='word_1_117' title='bbox 373 2409 597 2506; x_wconf 83' lang='lat' dir='ltr'>penitusque</span> <span class='ocrx_word' id='word_1_118' title='bbox 626 2410 832 2506; x_wconf 85' lang='lat' dir='ltr'>perspexit,</span> <span class='ocrx_word' id='word_1_119' title='bbox 866 2434 936 2506; x_wconf 89' lang='lat' dir='ltr'>pro</span> <span class='ocrx_word' id='word_1_120' title='bbox 967 2409 1122 2481; x_wconf 86' lang='lat' dir='ltr'>ulcerati</span> 
     </span>
     <span class='ocr_line' id='line_1_19' title="bbox 119 2516 1122 2622; baseline 0.004 -28"><span class='ocrx_word' id='word_1_121' title='bbox 119 2516 540 2596; x_wconf 71' lang='lat' dir='ltr'>nteitiniexcrescente</span> <span class='ocrx_word' id='word_1_122' title='bbox 562 2527 744 2622; x_wconf 86' lang='lat' dir='ltr'>particula</span> <span class='ocrx_word' id='word_1_123' title='bbox 774 2528 853 2596; x_wconf 89' lang='lat' dir='ltr'>sine</span> <span class='ocrx_word' id='word_1_124' title='bbox 874 2527 949 2596; x_wconf 85' lang='lat' dir='ltr'>ulla</span> <span class='ocrx_word' id='word_1_125' title='bbox 974 2527 1122 2598; x_wconf 86' lang='lat' dir='ltr'>dubita-</span> 
     </span>
     <span class='ocr_line' id='line_1_20' title="bbox 120 2642 1122 2740; baseline 0.003 -29"><span class='ocrx_word' id='word_1_126' title='bbox 120 2642 217 2713; x_wconf 88' lang='lat' dir='ltr'>ione</span> <span class='ocrx_word' id='word_1_127' title='bbox 248 2645 412 2739; x_wconf 83' lang='lat' dir='ltr'>agnovit.</span> <span class='ocrx_word' id='word_1_128' title='bbox 440 2645 498 2714; x_wconf 88' lang='lat' dir='ltr'>Sic</span> <span class='ocrx_word' id='word_1_129' title='bbox 521 2645 631 2715; x_wconf 88' lang='lat' dir='ltr'>etiam</span> <span class='ocrx_word' id='word_1_130' title='bbox 653 2645 735 2713; x_wconf 83' lang='lat' dir='ltr'>viro</span> <span class='ocrx_word' id='word_1_131' title='bbox 762 2643 987 2740; x_wconf 87' lang='lat' dir='ltr'>peritissimo</span> <span class='ocrx_word' id='word_1_132' title='bbox 1015 2646 1122 2715; x_wconf 84' lang='lat' dir='ltr'>Muli-</span> 
     </span>
     <span class='ocr_line' id='line_1_21' title="bbox 119 2758 1123 2858; baseline 0 -28"><span class='ocrx_word' id='word_1_133' title='bbox 119 2759 231 2830; x_wconf 79' lang='lat' dir='ltr'>tellio</span> <span class='ocrx_word' id='word_1_134' title='bbox 248 2758 302 2854; x_wconf 67' lang='grc' dir='ltr'>(α)</span> <span class='ocrx_word' id='word_1_135' title='bbox 324 2760 591 2848; x_wconf 85' lang='lat' dir='ltr'>credidissem,</span> <span class='ocrx_word' id='word_1_136' title='bbox 612 2762 641 2831; x_wconf 90' lang='lat' dir='ltr'>si</span> <span class='ocrx_word' id='word_1_137' title='bbox 664 2786 794 2831; x_wconf 84' lang='lat' dir='ltr'>cavum</span> <span class='ocrx_word' id='word_1_138' title='bbox 811 2786 967 2857; x_wconf 80' lang='lat' dir='ltr'>corpuS,</span> <span class='ocrx_word' id='word_1_139' title='bbox 988 2761 1123 2858; x_wconf 89' lang='lat' dir='ltr'>spitha-</span> 
     </span>
     <span class='ocr_line' id='line_1_22' title="bbox 119 2876 1121 2975; baseline 0.001 -28"><span class='ocrx_word' id='word_1_140' title='bbox 119 2900 212 2947; x_wconf 88' lang='lat' dir='ltr'>nam</span> <span class='ocrx_word' id='word_1_141' title='bbox 245 2876 425 2974; x_wconf 84' lang='lat' dir='ltr'>longum,</span> <span class='ocrx_word' id='word_1_142' title='bbox 447 2879 551 2975; x_wconf 88' lang='lat' dir='ltr'>quod</span> <span class='ocrx_word' id='word_1_143' title='bbox 569 2879 686 2949; x_wconf 88' lang='lat' dir='ltr'>homo</span> <span class='ocrx_word' id='word_1_144' title='bbox 704 2878 769 2948; x_wconf 89' lang='lat' dir='ltr'>diu</span> <span class='ocrx_word' id='word_1_145' title='bbox 796 2878 1034 2974; x_wconf 88' lang='lat' dir='ltr'>multumque</span> <span class='ocrx_word' id='word_1_146' title='bbox 1057 2879 1121 2974; x_wconf 74' lang='lat' dir='ltr'>dp-</span> 
     </span>
     <span class='ocr_line' id='line_1_23' title="bbox 121 2995 1122 3094; baseline 0.001 -27"><span class='ocrx_word' id='word_1_147' title='bbox 121 2995 277 3067; x_wconf 87' lang='lat' dir='ltr'>enteria</span> <span class='ocrx_word' id='word_1_148' title='bbox 293 2997 501 3082; x_wconf 76' lang='lat' dir='ltr'>cruciatus,</span> <span class='ocrx_word' id='word_1_149' title='bbox 519 3000 599 3094; x_wconf 90' lang='lat' dir='ltr'>ipse</span> <span class='ocrx_word' id='word_1_150' title='bbox 621 2996 692 3067; x_wconf 88' lang='lat' dir='ltr'>sibi</span> <span class='ocrx_word' id='word_1_151' title='bbox 708 3022 751 3066; x_wconf 87' lang='lat' dir='ltr'>ex</span> <span class='ocrx_word' id='word_1_152' title='bbox 774 3021 847 3065; x_wconf 87' lang='lat' dir='ltr'>auo</span> <span class='ocrx_word' id='word_1_153' title='bbox 866 2995 1060 3082; x_wconf 80' lang='lat' dir='ltr'>eduxerat,</span> <span class='ocrx_word' id='word_1_154' title='bbox 1077 3023 1122 3067; x_wconf 80' lang='lat' dir='ltr'>ex</span> 
     </span>
     <span class='ocr_line' id='line_1_24' title="bbox 119 3112 1120 3210; baseline 0 -27"><span class='ocrx_word' id='word_1_155' title='bbox 119 3117 276 3208; x_wconf 77' lang='lat' dir='ltr'>iengosa</span> <span class='ocrx_word' id='word_1_156' title='bbox 309 3112 471 3208; x_wconf 80' lang='lat' dir='ltr'>ulcerum</span> <span class='ocrx_word' id='word_1_157' title='bbox 502 3139 614 3184; x_wconf 80' lang='lat' dir='ltr'>carne</span> <span class='ocrx_word' id='word_1_158' title='bbox 639 3140 716 3186; x_wconf 88' lang='lat' dir='ltr'>esse</span> <span class='ocrx_word' id='word_1_159' title='bbox 743 3115 1056 3210; x_wconf 87' lang='lat' dir='ltr'>pronunciasset,</span> <span class='ocrx_word' id='word_1_160' title='bbox 1083 3116 1120 3184; x_wconf 93' lang='lat' dir='ltr'>id</span> 
     </span>
     <span class='ocr_line' id='line_1_25' title="bbox 119 3229 1199 3328; baseline -0.001 -28"><span class='ocrx_word' id='word_1_161' title='bbox 119 3229 237 3327; x_wconf 72' lang='lat' dir='ltr'>pund,</span> <span class='ocrx_word' id='word_1_162' title='bbox 263 3244 303 3298; x_wconf 91' lang='lat' dir='ltr'>ut</span> <span class='ocrx_word' id='word_1_163' title='bbox 330 3245 383 3300; x_wconf 84' lang='lat' dir='ltr'>est</span> <span class='ocrx_word' id='word_1_164' title='bbox 399 3230 565 3326; x_wconf 89' lang='lat' dir='ltr'>prudeus</span> <span class='ocrx_word' id='word_1_165' title='bbox 591 3237 629 3300; x_wconf 92' lang='lat' dir='ltr'>in</span> <span class='ocrx_word' id='word_1_166' title='bbox 656 3232 786 3328; x_wconf 85' lang='lat' dir='ltr'>primis</span> <span class='ocrx_word' id='word_1_167' title='bbox 809 3246 1040 3327; x_wconf 88' lang='lat' dir='ltr'>cautusque,</span> <span class='ocrx_word' id='word_1_168' title='bbox 1061 3234 1122 3299; x_wconf 86' lang='lat' dir='ltr'>rni-</span> <span class='ocrx_word' id='word_1_169' title='bbox 1197 3295 1199 3299; x_wconf 81' lang='grc'>,</span> 
     </span>
     <span class='ocr_line' id='line_1_26' title="bbox 119 3346 1120 3436; baseline 0.003 -21"><span class='ocrx_word' id='word_1_170' title='bbox 119 3349 215 3416; x_wconf 76' lang='lat' dir='ltr'>rime</span> <span class='ocrx_word' id='word_1_171' title='bbox 237 3346 375 3432; x_wconf 85' lang='lat' dir='ltr'>voluit,</span> <span class='ocrx_word' id='word_1_172' title='bbox 397 3348 461 3416; x_wconf 89' lang='lat' dir='ltr'>sed</span> <span class='ocrx_word' id='word_1_173' title='bbox 489 3349 522 3418; x_wconf 89' lang='lat' dir='ltr'>ei</span> <span class='ocrx_word' id='word_1_174' title='bbox 542 3351 645 3418; x_wconf 85' lang='lat' dir='ltr'>carni</span> <span class='ocrx_word' id='word_1_175' title='bbox 660 3347 770 3416; x_wconf 70' lang='lat' dir='ltr'>haud</span> <span class='ocrx_word' id='word_1_176' title='bbox 788 3348 957 3436; x_wconf 74' lang='lat' dir='ltr'>absimile</span> <span class='ocrx_word' id='word_1_177' title='bbox 975 3364 1120 3418; x_wconf 87' lang='lat' dir='ltr'>tautum</span> 
     </span>
     <span class='ocr_line' id='line_1_27' title="bbox 119 3463 1120 3562; baseline 0.004 -31"><span class='ocrx_word' id='word_1_178' title='bbox 119 3463 214 3532; x_wconf 85' lang='lat' dir='ltr'>iixit.</span> <span class='ocrx_word' id='word_1_179' title='bbox 249 3466 380 3558; x_wconf 87' lang='lat' dir='ltr'>Neque</span> <span class='ocrx_word' id='word_1_180' title='bbox 411 3464 512 3551; x_wconf 88' lang='lat' dir='ltr'>aliud</span> <span class='ocrx_word' id='word_1_181' title='bbox 539 3467 718 3562; x_wconf 85' lang='lat' dir='ltr'>spectavit</span> <span class='ocrx_word' id='word_1_182' title='bbox 755 3463 910 3535; x_wconf 84' lang='lat' dir='ltr'>fortasse</span> <span class='ocrx_word' id='word_1_183' title='bbox 943 3466 987 3534; x_wconf 92' lang='lat' dir='ltr'>cl.</span> <span class='ocrx_word' id='word_1_184' title='bbox 1015 3469 1120 3537; x_wconf 86' lang='lat' dir='ltr'>Stru-</span> 
     </span>
    </p>
   </div>
   <div class='ocr_carea' id='block_1_3' title="bbox 119 3761 1120 4017">
    <p class='ocr_par' dir='ltr' id='par_1_3' title="bbox 119 3761 1120 4017">
     <span class='ocr_line' id='line_1_28' title="bbox 149 3761 929 3840; baseline -0.001 -24"><span class='ocrx_word' id='word_1_185' title='bbox 149 3761 194 3837; x_wconf 84' lang='lat'>(1)</span> <span class='ocrx_word' id='word_1_186' title='bbox 216 3764 347 3818; x_wconf 86' lang='lat' dir='ltr'>Exercit.</span> <span class='ocrx_word' id='word_1_187' title='bbox 362 3767 385 3833; x_wconf 88' lang='lat'>1,</span> <span class='ocrx_word' id='word_1_188' title='bbox 402 3766 437 3819; x_wconf 90' lang='lat' dir='ltr'>de</span> <span class='ocrx_word' id='word_1_189' title='bbox 450 3766 548 3840; x_wconf 80' lang='lat' dir='ltr'>gland.</span> <span class='ocrx_word' id='word_1_190' title='bbox 560 3763 689 3819; x_wconf 84' lang='lat' dir='ltr'>intestin.</span> <span class='ocrx_word' id='word_1_191' title='bbox 706 3764 784 3818; x_wconf 90' lang='lat' dir='ltr'>circa</span> <span class='ocrx_word' id='word_1_192' title='bbox 801 3761 899 3816; x_wconf 88' lang='lat' dir='ltr'>finem.</span> <span class='ocrx_word' id='word_1_193' title='bbox 918 3809 929 3835; x_wconf 7' lang='grc' dir='ltr'>,Ἰ</span> 
     </span>
     <span class='ocr_line' id='line_1_29' title="bbox 150 3859 1120 3936; baseline 0.002 -21"><span class='ocrx_word' id='word_1_194' title='bbox 150 3859 193 3936; x_wconf 70' lang='lat' dir='ltr'>(a)</span> <span class='ocrx_word' id='word_1_195' title='bbox 214 3861 285 3917; x_wconf 88' lang='lat' dir='ltr'>Vid.</span> <span class='ocrx_word' id='word_1_196' title='bbox 299 3864 462 3920; x_wconf 88' lang='lat' dir='ltr'>Comrneut.</span> <span class='ocrx_word' id='word_1_197' title='bbox 475 3866 511 3922; x_wconf 90' lang='lat' dir='ltr'>de</span> <span class='ocrx_word' id='word_1_198' title='bbox 520 3868 632 3920; x_wconf 83' lang='lat' dir='ltr'>Bouon.</span> <span class='ocrx_word' id='word_1_199' title='bbox 648 3866 695 3919; x_wconf 84' lang='lat' dir='ltr'>Sc.</span> <span class='ocrx_word' id='word_1_200' title='bbox 707 3863 817 3932; x_wconf 84' lang='lat' dir='ltr'>Acad.,</span> <span class='ocrx_word' id='word_1_201' title='bbox 832 3871 902 3916; x_wconf 89' lang='lat' dir='ltr'>torn.</span> <span class='ocrx_word' id='word_1_202' title='bbox 916 3879 950 3931; x_wconf 81' lang='lat'>2,</span> <span class='ocrx_word' id='word_1_203' title='bbox 961 3881 991 3935; x_wconf 86' lang='lat' dir='ltr'>p.</span> <span class='ocrx_word' id='word_1_204' title='bbox 1006 3882 1031 3931; x_wconf 90' lang='lat'>1,</span> <span class='ocrx_word' id='word_1_205' title='bbox 1043 3862 1120 3918; x_wconf 79' lang='lat' dir='ltr'>iuter</span> 
     </span>
     <span class='ocr_line' id='line_1_30' title="bbox 119 3960 347 4017; baseline 0.013 -5"><span class='ocrx_word' id='word_1_206' title='bbox 119 3960 223 4017; x_wconf 85' lang='lat' dir='ltr'>:nedica</span> <span class='ocrx_word' id='word_1_207' title='bbox 237 3961 304 4016; x_wconf 92' lang='lat' dir='ltr'>obs.</span> <span class='ocrx_word' id='word_1_208' title='bbox 322 3981 347 4015; x_wconf 83' lang='lat'>2.</span> 
     </span>
    </p>
   </div>
   <div class='ocr_carea' id='block_1_4' title="bbox 0 0 1294 4514">
    <p class='ocr_par' dir='ltr' id='par_1_4' title="bbox 0 0 1294 4514">
     <span class='ocr_line' id='line_1_31' title="bbox 0 0 1294 4514; baseline 0 0"><span class='ocrx_word' id='word_1_209' title='bbox 0 0 1294 4514; x_wconf 95' lang='lat' dir='ltr'> </span> 
     </span>
    </p>
   </div>
  </div>
 </body>
</html>
