2580 4514
135 288 207 382 456
300 310 346 360 nr
372 309 520 359 sarnus
545 310 588 356 rr
614 304 738 358 cansrs
763 306 983 389 raorroqnu

136 453 221 501 cum
242 441 401 522 utraque
429 423 508 494 haec
527 421 666 511 forma,
689 425 858 523 quippe,
884 427 915 498 si
939 428 991 498 ita
1009 413 1119 523 intelli·

138 571 217 644 gas,
236 540 454 641 imperfecta
473 539 584 613 facies
599 530 780 639 quasdam
800 542 1034 641 plerumque
1053 542 1121 616 offe·

136 678 215 752 rat,
236 687 317 758 quae
338 661 497 758 aprimo
521 659 635 755 hujus
655 674 719 730 aut
741 659 841 733 illius
870 662 1068 734 similiores
1083 664 1123 733 ri·

138 781 316 865 deantur,
339 778 476 849 multos
502 776 549 847 ad
570 778 670 847 illam
694 792 730 848 et
752 778 897 851 multos
922 804 1073 878 quoque
1092 778 1124 850 ad

138 897 237 967 hanc
255 894 446 983 retulissc;
465 911 502 964 at
520 895 549 965 si
571 892 687 991 lapilli
701 896 740 964 in
759 919 917 967 omnem
936 897 1126 995 partemdi·

140 1015 315 1111 ligentius
330 1026 545 1100 versentur,
572 1035 652 1082 eam
683 1027 726 1083 ut
751 1011 970 1110 plurimum
994 994 1126 1113 figuram

136 1131 300 1228 agnosci,
311 1155 392 1226 quae
408 1155 426 1200 a
440 1154 499 1199 me
517 1129 605 1199 olim
625 1131 663 1199 in
674 1129 1126 1228 epistolalanatomica(1)

18 1317 21 1322 .
136 1247 299 1318 indicata
320 1263 383 1318 est.
405 1250 493 1318 Esse
513 1262 636 1317 autem
658 1270 824 1345 persaepe
846 1247 1024 1344 plurium
1034 1273 1126 1348 quam

139 1381 301 1461 utraque
333 1364 395 1434 illa
422 1363 542 1461 figura
568 1363 753 1462 postulat,
777 1365 1039 1461 angulorum,
1066 1367 1128 1439 satis

137 1483 198 1553 illa
221 1506 333 1579 quam
353 1481 421 1569 ibi,
445 1496 486 1550 ut
508 1479 698 1568 dicebam,
721 1480 909 1569 indicavi,
934 1476 1127 1555 commotis·

137 1614 233 1669 trat:
256 1599 377 1668 multo
394 1613 517 1669 autem
535 1596 701 1695 plurium
718 1652 727 1686 ,
746 1612 782 1668 et
799 1622 845 1669 eo
860 1599 1059 1695 plurium,
1074 1623 1129 1701 quo

139 1715 267 1814 plures
281 1717 319 1784 in
341 1740 415 1785 una
434 1717 526 1811 cysti
545 1729 632 1786 sunt
651 1713 801 1802 calculi,
825 1716 1130 1814 Kentmannudr)

137 1833 290 1932 quidem
312 1834 402 1902 olim
420 1832 571 1919 docuit3
592 1858 661 1931 ego
681 1857 770 1904 vero
790 1847 832 1903 ut
855 1833 960 1906 illud
985 1838 1130 1934 primum

137 1949 329 2020 ¹interdum
349 1951 399 2020 sic
412 1974 489 2021 esse
502 1948 635 2039 fateor,
653 1952 806 2022 itanum
820 1965 858 2021 et
869 1951 1042 2024 alterum
1053 1950 1131 2026 haud

140 2070 226 2139 satis
244 2068 342 2154 sci0;
358 2070 435 2137 imo
457 2068 486 2139 si
505 2068 675 2139 Greiselii
695 2083 731 2138 et
752 2092 853 2139 meas
873 2070 1065 2166 quasdam
1082 2069 1132 2142 dr

140 2187 367 2256 servationes
381 2184 545 2271 attendo,
557 2210 687 2255 verum
698 2210 777 2258 esse
792 2210 871 2256 non
891 2211 1052 2287 semper
1064 2188 1129 2260 scio.

139 2303 211 2374 Sed
247 2317 505 2400 quotcumque
533 2302 660 2398 anguli
689 2304 781 2391 sint,
814 2302 882 2373 ubi
912 2304 1037 2402 aliqui
1065 2319 1133 2378 sunt

30 2432 40 2442 ·
140 2419 247 2489 valde
266 2420 383 2509 acuti,
399 2434 461 2490 aut
479 2419 694 2516 superficies
711 2419 950 2492 calculorum
969 2425 1133 2521 asperior,

139 2553 298 2636 possunt
319 2536 379 2624 hi,
400 2539 430 2608 si
446 2539 566 2632 majus
584 2537 693 2608 simul
711 2537 862 2636 pondus
880 2540 1063 2629 accedat,
1076 2563 1135 2639 cys

138 2657 205 2726 tim
224 2681 302 2726 non
325 2655 439 2725 modo
458 2651 621 2753 irritare,
644 2655 708 2725 sed
726 2679 1015 2754 nonnunquam
1042 2661 1135 2731 etiam

139 2797 396 2870 perrumpere.
412 2772 526 2866 Cujus
544 2773 730 2869 ruptionis
742 2773 982 2845 rarissimum
996 2777 1135 2874 quidem

140 2890 179 2958 in
198 2890 443 2987 Sepulchreto
454 2889 507 2985 (3)
518 2890 729 2986 exemplum
750 2888 877 2962 habes.
902 2895 1072 2965 Irritatio
1087 2912 1143 2964 auf

140 3021 216 3077 tem
239 3008 441 3104 phlogoses
453 3023 599 3105 potest„
614 3023 649 3077 et
665 2996 796 3077 ulcera.
808 3022 844 3077 et
856 3013 1136 3095 excrescendas,

141 3148 162 3193 a
183 3150 242 3194 me
266 3150 418 3222 quoque
443 3126 538 3195 visas
563 3123 640 3220 (4),
664 3139 700 3195 et
724 3125 754 3194 si
782 3149 868 3194 cum
891 3125 1072 3226 Wepfero
1094 3124 1135 3226 (5)

247 3548 336 3621 Apud
347 3545 490 3602 Schenck.
508 3547 571 3602 obs.
588 3567 600 3600 1
621 3545 671 3602 cit.
685 3565 774 3620 supra
784 3548 823 3604 ad
838 3568 869 3603 n.
887 3570 933 3622 ¹7·

247 3649 280 3703 L.
295 3647 328 3717 3,
342 3666 364 3703 s.
382 3653 431 3717 14,
446 3648 509 3703 obs.
525 3645 559 3715 5,
577 3650 631 3716 54.
