2580 4514
199 417 273 463 LIB.
301 413 356 462 111.
385 411 431 460 DE
456 411 593 460 MORBIS
618 411 789 474 VENTRIS,
816 411 927 458 EPIST.
955 412 1037 456 XXX.
1079 409 1123 482 91

119 542 230 600 erant
256 529 386 600 colore
412 528 542 615 tincti,
563 542 600 599 et
628 525 803 598 ichorosa
831 526 985 595 materia
1012 523 1125 621 pleni.

124 649 166 716 ln
198 646 357 718 dextero
388 644 516 716 cordis
544 645 774 750 ventriculo!
791 645 915 716 tenuis
931 642 1128 741 'polyposa

134 765 319 835 concretio
338 760 418 835 fuit.

177 879 207 952 5.
223 883 388 952 Exitium
404 879 509 977 quod
522 880 750 952 indicaverat
765 894 920 977 quarta,
940 878 1029 949 huic
1047 879 1130 947 viro

147 995 208 1068 dies
222 997 347 1069 attulit
358 998 525 1094 septima.
539 997 651 1087 Quod
664 999 694 1069 si
711 999 931 1096 prinsquam
953 1010 1054 1066 tanta
1075 996 1131 1065 vis

150 1113 250 1186 morbi
263 1114 479 1185 ventriculo
490 1114 722 1186 incubuisset
735 1169 744 1201 ,
759 1141 802 1185 ex
817 1113 966 1184 indiciis
976 1111 1130 1208 quibus·

154 1230 216 1302 dam
231 1234 404 1330 priorum
418 1231 564 1305 dierum
582 1232 674 1330 quid
687 1234 900 1302 immineret
923 1233 1130 1328 suspicatus

156 1349 320 1437 nedicns,
348 1350 581 1447 quicumque
602 1347 738 1439 isfuit,
758 1365 905 1419 maturo
928 1364 1041 1445 atque
1067 1371 1130 1443 ap-

158 1477 185 1535 to
203 1468 347 1539 corticis
373 1469 572 1543 Peruviani
600 1491 672 1539 usu
701 1491 901 1538 occurrere
927 1466 1131 1564 potuisset3

159 1578 282 1657 tortasse
301 1599 544 1682 aegrotantem
562 1599 751 1656 servasset.
771 1590 913 1656 Verum
939 1584 1131 1680 contigere

160 1695 434 1800 hac,quantum
451 1724 498 1773 οι
517 1703 711 1801 superiore
736 1705 846 1772 etiam
870 1701 1131 1772 observatione

160 1820 313 1914 conjicio,
332 1846 379 1890 eo
398 1833 568 1917 tempore
582 1846 660 1917 quo
677 1820 841 1892 necdum
854 1818 1042 1917 febrifuga
1053 1844 1133 1890 cor-

160 1932 209 2007 tice
222 1940 275 2009 uti
292 1937 483 2009 audebant
498 1940 644 2010 ratione
662 1938 724 2009 illa
739 1964 813 2036 qua
826 1959 930 2009 nunc
944 1938 1134 2009 consuevi-

158 2073 232 2144 mus,
248 2072 285 2128 et
304 2080 381 2154 qua
397 2058 542 2155 primus
563 2059 752 2144 Bononiae,
766 2059 873 2128 anuis
886 2073 971 2155 post
984 2057 1135 2155 paucis,

158 2164 288 2246 feliciter
303 2198 395 2246 usus
409 2189 464 2246 est
476 2175 800 2272 ingeniosissimus
823 2175 989 2246 medicus
1006 2175 1136 2244 Domi-

156 2287 241 2363 nicus
251 2291 504 2364 Guiielminus
518 2294 561 2363 in
571 2295 860 2390 generosissimo
870 2294 951 2363 viro
966 2317 1010 2362 ex
1025 2307 1134 2389 gente

154 2403 322 2501 Malvezia,
333 2434 446 2507 quem
455 2412 627 2510 proxima
636 2411 805 2508 alioquin
817 2411 1137 2511 exacerbatioper·

150 2524 282 2600 niciosae
306 2524 437 2617 febris,
468 2544 511 2600 ut
533 2528 613 2601 abis
642 2528 848 2617 acciderat,
873 2530 1133 2600 interemisset.

148 2645 316 2717 Ceterum
337 2644 440 2715 unde
459 2668 638 2742 porraceo
650 2647 813 2727 tinctura
829 2661 926 2718 esset
940 2671 1013 2742 qua
1023 2647 1137 2739 rejec-

145 2775 194 2836 tus
210 2764 352 2835 humor
366 2761 628 2853 inficiebatur,
646 2765 768 2835 inanis
779 2763 941 2834 vesicula
960 2761 1067 2834 fellea
1080 2787 1136 2833 os-

139 2880 261 2952 tendit.
282 2880 356 2953 Sed
381 2881 443 2951 alii
462 2882 502 2950 in
522 2882 735 2953 ventriculo
762 2896 799 2952 et
823 2881 1009 2952 intestinis
1033 2883 1135 2951 succi

137 3022 219 3069 cum
238 2996 315 3070 bite
336 2990 596 3072 convenerunt
622 3000 733 3071 etiam
752 3014 881 3086 antea,
909 3022 996 3069 cum
1025 2998 1137 3097 louge

135 3115 206 3186 alio
233 3115 363 3188 colore
389 3117 505 3188 tincta
521 3117 797 3214 rejiciebantur.
815 3121 909 3189 Utro
928 3132 1053 3189 autem
1070 3117 1137 3187 ho·

135 3258 219 3304 rum
240 3234 414 3306 colorum
431 3261 474 3307 ea
488 3237 629 3308 viscera
644 3237 760 3307 tincta
781 3250 922 3323 essent,
951 3259 1037 3307 cum
1053 3237 1138 3307 satis

135 3351 390 3424 Valsalvasuis
412 3356 452 3424 in
470 3353 618 3426 schedis
634 3378 713 3424 non
733 3356 943 3451 aperuerim
961 3379 1031 3425 nec
1045 3353 1139 3424 mihi

134 3469 273 3567 diserte
293 3471 333 3541 in
353 3468 510 3542 historia
522 3471 628 3543 licuit
643 3471 823 3542 indicare.

154 3622 158 3627 ·
181 3588 217 3659 6.
246 3590 328 3658 Jam
348 3613 438 3659 vero
456 3590 583 3687 accipe
603 3589 779 3661 historias
798 3587 908 3675 alias,
924 3589 964 3659 in
982 3589 1059 3660 duo
1078 3615 1139 3687 pa·

139 3707 228 3776 riter
244 3731 382 3805 genera
401 3706 559 3798 divisas,
574 3707 825 3778 vomitionum
845 3722 910 3778 aut
929 3708 975 3778 ad
995 3707 1140 3778 diutur-

140 3849 202 3895 nas
230 3840 294 3895 aut
320 3825 368 3895 ad
395 3824 808 3898 breves'attinentium.
841 3829 893 3894 Ex
919 3825 992 3897 illis
1016 3841 1140 3896 autem

141 3943 257 4034 prima
272 3956 352 4015 esto
369 3967 453 4040 quae
474 3943 687 4043 exemplum
707 3940 854 4042 profert
877 3945 1043 4017 vomitus
1065 3968 1140 4039 quo
