2580 4514
152 349 224 395 Lttt.
254 347 308 394 111.
337 347 384 393 ΒΕ
408 346 543 394 notetus
568 345 737 410 VERRIS,
762 344 873 397 muse.
895 350 1014 398 xxxlv.
1045 328 1118 426 295

119 466 246 532 testina
275 461 404 531 omnia
425 459 466 530 in
484 459 636 531 volvulo
656 459 767 560 plena
788 484 884 550 esse,
908 478 973 533 aut
1000 460 1118 536 ferme

119 575 224 670 plena
238 577 446 649 humorum
464 591 545 648 tum
563 578 606 647 in
617 578 700 676 ipsa
713 581 853 676 jugiter
865 578 1118 669 influentium,

124 705 195 764 tum
214 693 263 766 ab
280 696 387 793 aegris
403 694 663 793 ingestorum:
685 702 914 767 esseuntent
938 697 986 768 ad
1009 698 1120 796 podiu

127 832 195 882 cem
211 810 449 884 obstaculum
464 812 693 911 quodpiam,
710 808 860 893 illorum
880 815 1034 911 quidem
1053 817 1122 887 im·

127 930 271 1025 podiens
295 929 459 1017 exitum,
489 928 537 1000 ab
559 930 848 1002 immittentibus
868 946 992 1003 autem
1023 933 1121 1031 clys-

125 1061 213 1118 mata
235 1047 461 1144 superabile.
480 1052 586 1119 Tunc
609 1049 725 1146 igitur
741 1050 792 1120 sic
809 1049 965 1144 injecta,
997 1050 1120 1148 pleni-

123 1163 287 1236 tudinem
300 1164 566 1237 intestinorum
585 1180 623 1236 et
641 1164 908 1237 distentionem
929 1169 1121 1264 augentia,

119 1282 317 1354 accedente
343 1282 603 1354 musculorum
622 1269 835 1356 abdominis
864 1299 899 1355 et
924 1284 1121 1383 diaphrag-

119 1402 223 1472 matis
241 1399 385 1471 alterne
399 1402 694 1498 compressione,
710 1422 787 1499 quo
801 1403 929 1472 minor
944 1405 1120 1475 resisten-

119 1517 162 1590 tia
176 1533 253 1607 est,
269 1518 359 1589 illuc
376 1521 503 1616 urgeri
516 1535 554 1591 et
570 1519 765 1591 commista
784 1542 869 1591 eum
885 1521 931 1591 iis
946 1519 1123 1592 humori-

119 1633 185 1707 bus
204 1659 274 1732 per
292 1636 478 1706 vomitum
493 1635 656 1732 denique
672 1635 829 1707 extrudi.
846 1638 932 1708 Non
944 1639 1119 1709 resistere

119 1767 242 1824 tutem
256 1751 417 1823 Bauhini
434 1752 642 1841 valvulam,
657 1754 798 1852 quippe
811 1774 913 1850 quac,
933 1752 1053 1853 posita
1069 1757 1123 1826 in·

119 1870 341 1943 testinorum
372 1871 544 1940 omnium
572 1870 832 1967 plenitudine,
851 1888 979 1970 aperta
1000 1864 1120 1944 serve-

119 2005 184 2061 tur.
206 1991 284 2061 Nec
297 1990 449 2060 inverso
458 1987 599 2061 ‘horum
616 2004 722 2061 motu
737 2010 833 2088 opus
850 2012 945 2080 esse,
967 2008 1121 2090 praeser-

119 2105 182 2178 tim
204 2128 289 2179 cum
308 2108 350 2177 in
367 2106 515 2196 bestiis,
538 2105 588 2177 ob
613 2107 793 2202 injectum
822 2108 896 2178 ileo
924 2109 1119 2180 vinculum

119 2226 190 2315 jem
216 2227 361 2298 vomitu
388 2225 595 2323 correptis,
622 2246 704 2295 non
736 2227 903 2322 potuerit
937 2227 968 2298 is
994 2242 1122 2298 motus

119 2342 384 2431 mimadverti;
410 2344 487 2412 imo
518 2364 567 2413 ne
595 2342 847 2441 peristalticus
876 2342 1054 2441 quidem,
1090 2347 1121 2415 si

119 2480 198 2559 pum
219 2459 398 2532 adfinem
418 2475 508 2531 sunt
522 2459 637 2556 hujus
656 2458 914 2559 explicationis
932 2460 1120 2551 attendes,

119 2582 203 2651 tatis
225 2580 265 2649 in
280 2580 376 2649 vivis
397 2579 572 2676 sanisque
590 2578 846 2651 animantibus
868 2581 1020 2676 agnosci
1041 2600 1121 2650 am-

119 2696 213 2795 plius
223 2695 404 2768 videatur.
416 2701 501 2767 liceo
517 2698 646 2768 omnia
662 2718 747 2766 oum
769 2694 935 2795 primum
944 2697 1038 2794 legi,
1052 2699 1122 2768 etsi

119 2808 286 2912 quedam
301 2829 408 2885 erant
427 2835 510 2911 quae
533 2836 613 2885 non
631 2811 737 2884 facile
764 2813 920 2912 probari
936 2832 1046 2910 posse
1062 2815 1120 2883 in-

119 2932 343 3030 telligerem,
369 2948 517 3021 temeri,
541 2931 881 3030 quodnunqmm·
896 2931 935 3000 iu
960 2931 1040 3000 veri
1067 2926 1123 3001 in·

119 3051 317 3149 prisitione
351 3050 602 3122 omittendum
629 3064 707 3137 est,
729 3046 769 3120 id
793 3049 891 3146 coepi
918 3046 1057 3134 lacere,
1080 3064 1124 3120 ut

119 3192 193 3239 oon
224 3168 341 3241 modo
364 3192 447 3266 quae
471 3183 622 3258 contra,
641 3190 775 3239 rerum
793 3167 916 3238 etiam·
940 3186 1022 3264 que
1050 3187 1122 3265 pro

119 3288 185 3361 ista
223 3287 471 3385 explicatione
504 3284 630 3358 afferri
668 3300 823 3385 possent
833 3339 848 3374 ‚‚
875 3284 1121 3357 attenderem.

119 3408 244 3501 ltaque
257 3404 442 3475 nonnulla
462 3429 593 3476 eorum
613 3429 694 3500 quae
712 3404 786 3475 suis
805 3417 887 3474 tum
898 3402 1125 3491 rationibus,

119 3535 194 3593 tum
214 3522 481 3618 experimentis
499 3519 789 3592 confirmaverat
807 3522 1026 3618 ingeniosus
1042 3544 1126 3590 auc-

119 3651 196 3728 tor,
213 3639 460 3710 animadverti
479 3640 571 3710 meis
592 3663 744 3737 quoque
760 3637 1013 3735 comprobari.
1029 3639 1124 3709 Nam

119 3753 220 3852 quod
235 3755 283 3827 ad
302 3756 570 3828 intestinorum
589 3755 636 3826 ab
654 3755 850 3827 obstaculo
867 3755 916 3826 ad
936 3756 1126 3826 ventricu-
1226 3813 1230 3823 .

119 3870 193 3945 lum
212 3897 335 3972 usque
351 3872 626 3972 plenitudinem
649 3887 811 3972 spectat,
831 3871 909 3944 haec
927 3873 1022 3945 meis
1035 3897 1128 3969 quo·
