2580 4514
116 389 184 436 tm.
207 387 261 435 111.
284 387 796 453 nruonaisvsnrnrs,m1sr-.
818 390 968 438 xxxam.
996 367 1069 454 645

67 514 144 572 tem
170 515 206 572 et
225 501 272 572 ad
289 528 467 574 venarum
499 502 648 599 hepatis
681 500 999 592 obstructionem;
1028 519 1071 574 ut

66 616 167 690 hanc
184 618 335 716 probet,
362 635 441 691 tum
466 619 630 715 denique
655 617 717 687 illa
742 621 978 690 Cameniceni
1003 620 1069 691 ob·

67 737 278 806 servatione
291 737 410 808 utitur
424 737 641 834 lapillorum
659 760 719 805 eas
731 760 844 806 venas
860 737 1070 833 impedien-

64 835 163 923 tium
183 853 222 921 in
240 852 473 951 hydropic0,
499 858 561 922 cui
585 879 687 949 aqua
709 857 804 922 inter
815 857 1069 949 peritonoeum

66 985 105 1039 et
122 975 295 1039 intestina
317 971 518 1041 adinventa
526 972 617 1062 fuit.
638 971 697 1051 Sic
716 971 815 1039 enim
842 971 920 1066 ipse
943 969 1073 1042 scribit

66 1090 259 1173 Donatus,
289 1101 410 1175 recte,
435 1102 476 1158 ut
500 1086 718 1157 Matthiolus
748 1111 902 1183 quoque
928 1087 966 1155 in
993 1111 1070 1157 res-

68 1204 256 1300 ponsione
276 1203 323 1273 ad
338 1206 647 1291 Cameniceuum,
667 1203 730 1273 illa
750 1202 864 1298 hujus
883 1204 1073 1301 interpre-

70 1336 154 1393 tans
167 1320 305 1403 verba,
326 1345 407 1391 cum
425 1328 691 1393 transiissemus
707 1321 892 1392 musculos
908 1321 1072 1391 abdomi-

68 1443 147 1525 nis,
177 1444 378 1511 invenimus
405 1464 545 1535 aquam
568 1437 672 1508 iilam
694 1443 1071 1509 citrinumvocatam
1128 1427 1130 1431 ¹

10 1629 13 1633 ,
67 1560 169 1625 intru
183 1561 433 1653 peritonoeum
445 1571 482 1625 et
500 1561 697 1627 intestina:
717 1555 763 1625 de
781 1581 855 1651 quo
876 1557 925 1626 ab
938 1555 1069 1652 uit'qui·

66 1674 135 1742 bus
150 1671 360 1742 dubitatum
378 1688 501 1743 tomen
508 1676 630 1764 fuisse
655 1671 767 1743 video
777 1700 790 1758 ,·
810 1673 849 1743 id
877 1688 932 1743 est
952 1671 998 1742 ab
1024 1673 1068 1746 iis

66 1789 115 1858 de
135 1789 272 1884 quibus
288 1790 402 1887 paulo
417 1805 503 1861 aute
518 1789 659 1860 dictum
679 1804 753 1878 est,
772 1790 937 1860 Arabum
952 1805 1067 1861 secta-

65 1905 232 1994 toribus,
251 1932 330 1978 non
349 1908 451 1978 inter
463 1911 709 2005 peritonaeum
724 1923 760 1979 et
779 1910 977 1996 intestina,
1001 1905 1068 1979 sed

64 2025 165 2095 inter
185 2026 482 2121 peritonaeumet
501 2027 704 2097 exteriores
722 2006 845 2122 partes
865 2050 1000 2121 aquam
1018 2048 1069 2095 as·

65 2141 263 2212 citicorum
284 2130 362 2214 esse
382 2144 630 2240 opinantium.
648 2144 738 2230 Quae
753 2167 799 2212 eo
812 2140 929 2213 fusius
946 2167 1069 2238 perse·

29 2301 33 2306 ,
64 2271 176 2328 cutus
202 2281 281 2327 sum
295 2282 407 2354 „quo
427 2257 554 2354 plures
575 2256 652 2326 vidi
670 2257 920 2329 Cameuiceno
938 2273 974 2328 et
992 2262 1067 2328 Do·

64 2388 177 2458 nato,
190 2375 344 2452 minime
360 2374 556 2472 inspectis,
574 2364 870 2445 obseruationem
885 2373 1067 2472 hydropis

63 2491 258 2590 peritonaei
285 2515 370 2562 cum
397 2490 618 2587 Stalpartio‚
645 2515 758 2588 quem
787 2491 1066 2562 innominatum

64 2611 184 2680 secuti
197 2622 301 2695 sunt,
320 2608 517 2695 tribuisse,
534 2609 573 2678 in
589 2606 1065 2706 quibusNuckius(1)fuit,
1146 2645 1158 2660 ·

64 2741 102 2798 et
118 2727 228 2824 isqui
243 2749 328 2797 cum
340 2727 477 2795 Donati
493 2724 753 2798 observatione
764 2751 867 2823 quae,
882 2724 985 2796 nulla
999 2741 1065 2814 est,

65 2869 105 2914 se
123 2855 226 2915 suam
243 2842 357 2937 hujus
377 2841 503 2914 morbi
518 2866 755 2940 comparasse
769 2843 925 2939 scripsit.

114 2964 171 3055 47.
194 2960 287 3048 Quis
309 2960 442 3056 igitur,
458 2960 607 3056 inquis,
629 2958 733 3028 hunc
757 2973 842 3030 ante
867 2958 1063 3030 Nicolaum

62 3076 239 3173 Tulpium
252 3075 527 3172 deprehendit?
542 3081 561 3146 J
564 3100 705 3147 oannes
714 3074 933 3163 Acholzius,
947 3074 1064 3148 medi-

63 3217 130 3264 cus
152 3208 188 3264 et
205 3191 394 3291 professor
412 3194 635 3264 Viennensis
651 3193 862 3290 primarius.
877 3193 943 3264 Hic
961 3194 1063 3265 enim

61 3335 164 3382 anno
186 3309 290 3398 1581,
309 3335 435 3382 coram
451 3310 623 3382 Caesareis
636 3309 790 3381 medicis
807 3333 848 3380 ao
864 3309 1063 3408 chirurgis,

62 3453 151 3499 cum
179 3427 395 3499 dissectioni
422 3442 594 3526 praeesset
626 3428 792 3499 mulieris
828 3425 1062 3524 hydropicae,

60 3569 166 3642 aquae
180 3547 296 3616 instar
306 3545 421 3615 lixivii
439 3542 606 3616 obscurae
616 3545 807 3643 ingentem
824 3544 970 3641 copiam
983 3566 1062 3616 non
1139 3541 1141 3547 ’

100 3920 145 3998 (1)
165 3921 240 3979 Ade.
254 3940 316 3978 cur.
330 3941 355 3978 c.
369 3941 398 3999 9.
472 3929 474 3932 ’
