2580 4514
714 90 789 162 t,‘

158 371 232 457 624
258 413 261 419 ·
325 391 372 436 oe
397 385 543 436 sentens
566 387 611 433 nr
636 384 761 434 causis
788 386 1013 436 monnoauu

158 528 289 575 verum
326 501 595 596 undecumque
627 495 753 570 effluat
783 499 892 570 intra
916 502 1155 598 circumjectas

158 619 457 706 membranulas,
477 616 647 689 attollere
670 615 739 688 has
757 615 855 686 etin
872 616 1157 714 hydatidescon·

158 739 321 810 formare
339 737 562 810 existiment.
590 736 762 824 Quorum
785 737 1027 807 sententiam
1049 739 1156 834 siquis

157 855 272 953 paulo
293 853 496 926 studiosius
512 850 692 939 illustret,
715 841 843 948 aptam
857 852 1005 925 reddet
1023 851 1155 926 fortasse

157 971 203 1043 ad
216 972 418 1071 plerasque
434 967 631 1065 hydatides
648 967 914 1066 explicandas,
935 994 1011 1042 nec
1026 969 1154 1042 difficile

93 1151 96 1155 ,
155 1082 337 1186 intelliget
360 1086 410 1157 ob
433 1086 666 1180 interjectam
690 1083 932 1159 membranis
956 1086 1153 1160 cellulosan

155 1205 336 1276 fabricam
348 1219 477 1274 etvasa
492 1198 703 1299 sanguifera
717 1202 900 1299 perhanc
911 1205 1154 1295 traductam·

84 1356 88 1363 ¹
156 1324 202 1395 de
224 1325 271 1394 sit
291 1345 360 1393 cur
380 1317 577 1416 hydatides
594 1316 793 1414 aliquae(1)
811 1337 1035 1417 appareant
1053 1321 1153 1393 incel-

157 1441 251 1513 lulas
270 1438 412 1519 divisae,
434 1452 471 1507 et
490 1459 557 1505 cur
584 1433 643 1531 (a)
657 1459 725 1532 per
742 1433 917 1509 medium
942 1438 1102 1510 aliarum
1117 1433 1153 1510 ca·

153 1582 243 1628 vum
267 1579 353 1627 vasa
380 1554 613 1649 trajiciantur
632 1579 639 1622 :
658 1551 705 1625 ad
722 1577 809 1649 quae
829 1554 956 1626 exiles
982 1556 1067 1629 illas
1080 1555 1152 1627 duas

141 1676 268 1768 fibras
291 1676 321 1744 si
347 1669 442 1742 forte
469 1667 624 1758 reserat,
649 1693 741 1766 quas
769 1671 809 1739 in
834 1685 896 1741 tot
928 1672 1151 1770 hydatidibus

155 1789 417 1861 animadvertit
428 1785 675 1884 Tysonius(3)
689 1786 735 1858 ab
753 1789 874 1858 altero
895 1787 1042 1861 harum
1060 1807 1151 1862 extre·

154 1931 217 1979 mo
233 1903 480 2005 procedentes
494 1907 776 2000 acfluctuan'tes
803 1911 910 1974 natm
931 1909 1102 2004 ipsarum
1119 1907 1149 1976 t·-

154 2050 305 2123 quorem
312 2051 325 2110 ,·
344 2024 422 2092 veri
441 2022 555 2119 paulo
570 2021 748 2093 similiora
762 2020 893 2093 dicere
918 2024 1047 2096 videri
1065 2041 1161 2123 pote·

151 2142 216 2230 rit,
241 2165 353 2238 quam
381 2163 467 2210 cum
494 2139 555 2211 ille
578 2136 764 2234 ejusmodi
790 2137 1004 2234 hydatides
1031 2144 1148 2214 insecta

153 2283 232 2330 esse
252 2255 498 2352 conjiciebat,
514 2248 602 2355 ,φα
617 2255 836 2326 alimentum
850 2255 931 2328 sibi
950 2258 1147 2357 exsugentia

151 2401 221 2474 per
236 2374 331 2446 duos
342 2374 427 2445 illos
447 2372 718 2470 quasi'tubulos
737 2374 776 2443 in
791 2388 974 2447 ventrem
997 2376 1148 2449 demitte

150 2507 244 2564 rent.
270 2489 382 2582 Quod
401 2493 432 2560 si
451 2489 658 2587 pendentes
681 2516 726 2562 ex
752 2492 860 2561 tenui
879 2492 1082 2592 longoque
1099 2518 1147 2592 pe

149 2611 241 2681 tiolo
256 2607 452 2706 hydatides
465 2608 634 2679 incidant
648 2608 889 2706 explicandae,
904 2612 1045 2708 quales
1054 2617 1147 2708 Ruys»

150 2728 258 2799 chius
276 2732 347 2818 (Δ),
374 2726 440 2822 qui
460 2728 570 2796 etiam
596 2726 717 2825 pinxit
737 2723 810 2822 (5),
827 2726 1002 2825 aliique,
1031 2746 1068 2802 et
1094 2751 1147 2799 nos

147 2871 242 2943 saepe
259 2843 419 2914 vidimus
432 2841 479 2913 ab
495 2845 632 2915 orariis
647 2844 914 2941 potissimum,
934 2849 1147 2944 proximiste

146 2964 348 3034 mulierum
369 2958 559 3058 partibus,
578 2986 657 3031 non
682 2949 797 3031 modo
828 2986 876 3033 ex
907 2965 1097 3037 columbe
1115 2963 1146 3033 il·

146 3083 217 3152 lius
247 3080 375 3149 ovario
403 3077 610 3174 pendulas3
643 3079 825 3175 suspicari
858 3081 992 3154 eidem
1019 3082 1144 3157 licebit.

146 3198 316 3293 abruptis
331 3221 354 3267 a
372 3193 583 3294 sanguifero
603 3195 781 3266 trunculo
803 3202 955 3272 caeteris
973 3199 1144 3300 hydatidis

1000 3397 1134 3417 ..n-‘⁸

189 3932 220 4009 5)
240 3933 313 3988 Obs.
329 3941 408 3987 anat.
424 3925 562 4004 chimfig.
576 3929 622 3985 68.
794 3890 842 4001 ,Ξ
850 3882 887 3975 ³.-
