2580 4514
125 388 195 434 nm.
226 386 281 432 111.
310 385 859 452 nruons1svuurms,rr1sr.
886 392 1014 438 xxviii.
1044 371 1086 442 31

75 525 178 573 anno
215 500 334 588 1682,
370 525 458 571 cum
486 498 687 596 Stalpartio
711 500 779 598 (1)
803 501 981 601 idemque
1004 531 1090 584 raro

72 618 247 717 exemplo
266 616 414 690 vividus
433 642 547 689 senex
565 643 667 688 anno
690 625 797 716 1744,
818 645 904 692 eum
919 627 1086 698 Caesarea

74 735 275 809 Academia
286 735 346 833 (α)
358 737 663 806 communicavit.
677 742 724 809 Et
735 740 859 812 minus
868 740 1087 817 diuturnam

73 854 230 953 quidem
247 841 469 952 paralysim,
491 877 540 923 an
562 855 643 925 sine
663 855 820 928 molesta
835 857 934 930 illius
950 861 1088 933 instr'u-

73 973 192 1043 menti
206 973 251 1041 in.
267 970 394 1068 gulam
413 971 650 1058 intrusione,
670 988 882 1069 superatam
908 976 1002 1049 vidit
1017 982 1087 1049 Ra-

73 1090 261 1160 mazzinus
283 1088 358 1183 (3),
384 1110 472 1158 cum
497 1113 633 1186 aegram
655 1088 799 1186 absque
823 1091 902 1161 ullo
930 1118 1086 1190 prorsus

73 1207 156 1280 cibo
183 1222 251 1278 aut
271 1221 366 1304 potu
382 1230 451 1305 per
465 1206 643 1302 clysteres
663 1209 890 1297 nutrientes,
922 1236 1084 1307 quorum

72 1325 357 1397 diuturniorem
390 1347 504 1396 usum
540 1324 808 1425 utilioremque
839 1326 971 1424 legisse
1004 1355 1085 1401 non

72 1428 251 1530 memini,
276 1440 357 1513 dies
375 1465 439 1512 sex
470 1454 507 1512 et
527 1444 716 1544 sexaginta
740 1460 938 1534 servasset,
958 1447 1086 1523 auxilii

71 1583 187 1656 genus
198 1558 240 1630 in
255 1557 527 1655 deglutitionis,
543 1583 623 1630 non
637 1559 753 1631 modo
771 1586 816 1632 ex
830 1562 1002 1658 paralysi,
1018 1561 1084 1637 sed

71 1677 179 1747 etiam
201 1699 248 1747 ex
269 1698 514 1772 quacumque
537 1676 607 1745 alia
630 1696 764 1766 causa,
786 1678 1083 1774 impedimento,

70 1816 219 1892 semper
238 1793 299 1864 vel
316 1791 421 1890 quod
437 1789 568 1882 facile,
584 1793 644 1865 vel
661 1794 767 1890 quod
783 1796 993 1867 innocuum
1012 1813 1083 1889 est,

67 1910 257 1983 amedicis
268 1910 503 1983 tentandum.
525 1914 642 1981 Porro
662 1910 710 1981 ad
727 1911 848 1983 levem
876 1914 1080 2009 quamdam

69 2029 271 2127 paralysim
285 2025 528 2100 referendum
549 2048 698 2099 mecum
715 2081 725 2116 ,
741 2043 782 2099 ut
803 2031 964 2127 opinor,
987 2033 1080 2102 exis-

68 2147 234 2235 timabis,
253 2145 364 2243 quod·
381 2170 402 2216 a
422 2146 489 2217 cel.
522 2149 692 2218 Heistero
708 2163 902 2221 narratum
920 2148 1020 2245 leges
1042 2151 1081 2218 in

67 2265 327 2338 dissertatione
338 2263 501 2362 quadam
510 2263 593 2335 Joh.
607 2265 730 2336 Caroli
740 2265 845 2363 Spies
855 2264 922 2362 (Δ)
935 2266 1082 2340 Scilicet
1139 2317 1140 2324 κ

68 2381 307 2469 innobilis,
334 2382 440 2479 isque
459 2380 537 2476 jam
564 2402 699 2471 senex,
721 2407 743 2453 a
769 2383 885 2479 longo
908 2398 1079 2482 tempore
1173 2417 1176 2422 ·

66 2499 137 2573 hoo
154 2497 395 2599 patiebatur,
413 2514 456 2570 ut
476 2523 564 2570 cum
582 2498 767 2597 deglutire
788 2502 915 2571 omnia
933 2516 1080 2598 posset,

67 2619 244 2690 ultimum
255 2632 381 2689 tamen
394 2615 528 2687 bolum
542 2641 621 2689 non
638 2632 786 2714 posset,
798 2619 865 2714 qui
879 2633 1080 2715 propterea

67 2736 113 2810 ab
129 2761 212 2810 uno
233 2758 329 2833 serpe
348 2750 458 2833 pastu
474 2733 522 2806 ad
538 2734 705 2807 alterurn
716 2735 756 2807 in
774 2733 944 2807 faucibus
960 2762 1080 2807 rema·

68 2871 197 2944 neret,
217 2853 341 2925 donec
361 2859 401 2925 in
419 2852 667 2950 subsequenti
681 2852 860 2926 deorsum
876 2854 1079 2950 protrude-

69 2987 172 3044 retur
201 3026 211 3060 ,
240 2971 315 3042 nisi
343 2967 439 3042 forte
465 2971 573 3068 prius
606 2975 753 3042 screatu
785 2985 850 3041 aut
880 2972 952 3043 levi
987 2973 1080 3044 tussi

68 3088 278 3187 opitulante
301 3088 532 3184 rejiceretur.
558 3088 745 3160 Nimirum
773 3087 875 3159 haud
904 3091 1011 3162 aliter
1040 3089 1079 3162 id

66 3209 264 3306 contigisse
297 3204 477 3294 credidi,
502 3230 617 3303 quam
645 3198 927 3279 in'senioribus
968 3209 1090 3278 urina·

68 3327 207 3413 omnis,
225 3324 297 3395 alia
314 3323 424 3394 aliam
437 3339 613 3422 urgente,
633 3323 864 3430 ertruditur,
885 3325 1007 3396 donec
1027 3324 1075 3395 ad

166 3830 271 3885 Const.
285 3827 428 3902 epidem.,
441 3845 490 3885 au.
508 3823 601 3902 169i,
615 3847 645 3884 n.
657 3846 704 3884 aa.

167 3929 213 3984 De
229 3927 308 4003 degi.
323 3947 348 3984 c.
363 3945 395 3997 a,
407 3946 438 3981 n.
458 3947 487 4002 9.
