2580 4514
154 419 226 467 ΗΒ.
254 419 310 465 111.
337 419 384 465 DE
409 417 544 464 Mortuis
569 418 739 480 VENTRIS,
765 417 873 464 EPIST.
902 418 997 463 XXXI.
1042 415 1108 487 129

119 556 182 602 am
203 533 244 602 in
259 532 306 603 iis
321 529 518 603 manifesto
539 529 802 619 subsisterent,
829 531 1054 628 easdemque
1070 522 1109 599 in

119 672 302 720 umorem
317 647 538 720 attollerent.

158 772 193 855 4.
210 767 308 838 Hinc
333 781 458 838 autem
477 774 587 838 causa
603 766 803 838 accedebat
821 766 910 854 alia,
926 791 1112 863 quiapro-

119 883 272 956 fluvium
299 901 473 982 augeret,
492 883 666 956 videlicet
697 886 908 956 restitantes
926 886 965 953 in
994 864 1114 955 canali

119 1003 382 1074 intestinorum
394 1001 543 1072 ichores
552 1000 618 1089 illi,
630 1001 696 1099 qui
708 1017 816 1072 antea
826 1025 894 1097 per
905 1002 995 1087 vias,
1008 1025 1110 1071 nunc

119 1120 361 1207 interclusam,
376 1115 637 1190 efferebantur.
656 1119 877 1214 Cujusmodi
900 1127 1112 1188 causacum
1149 1162 1152 1167 -
1189 1145 1213 1186 ·.

118 1237 156 1307 in
175 1237 370 1335 plerisque
388 1252 442 1308 est
459 1261 589 1317 earum
603 1237 748 1306 viarum
761 1290 770 1322 ,
783 1260 862 1307 non
876 1225 990 1305 modo
1007 1249 1118 1331 auget

119 1354 191 1425 alvi
207 1352 417 1452 profluvia,
436 1354 498 1425 sed
517 1352 620 1441 facit,
637 1353 806 1449 illudque
818 1354 858 1422 in
870 1353 1001 1450 primis
1014 1349 1118 1448 quod

121 1471 313 1570 appellant
332 1471 525 1542 coeliacum
540 1499 547 1541 :
565 1496 731 1569 quocum
747 1469 831 1542 vide
847 1496 895 1541 ne
910 1470 1119 1558 coeliecum,

122 1590 188 1685 qui
200 1613 224 1659 a
242 1589 350 1660 Celso
364 1587 418 1685 (ι)
438 1588 680 1677 describitur,
701 1588 878 1659 morbum
895 1586 1115 1676 confundas.

122 1708 168 1775 In
192 1704 267 1777 hoc
296 1707 396 1776 enim
419 1705 523 1778 alvus
547 1705 644 1777 nihil
665 1705 810 1793 reddit;
829 1709 872 1777 in
898 1706 963 1777 illo
994 1721 1121 1778 autem

122 1823 200 1922 ipse
217 1847 374 1921 quoque
389 1821 521 1920 chylus
536 1821 710 1921 profluit;
727 1824 927 1921 permistus
942 1825 1129 1895 nimirum

125 1963 210 2012 cum
232 1942 498 2028 recrementis,
519 1955 561 2010 ut
578 1942 728 2011 cinereo
753 1938 868 2012 ferme
897 1940 1023 2013 colore
1051 1942 1124 2013 sint

124 2080 165 2129 ea
188 2082 274 2155 quae
295 2072 513 2155 egeruntur,
532 2083 611 2127 non
631 2056 812 2147 candida,
829 2074 873 2129 ut
895 2073 1030 2156 putant
1058 2061 1124 2157 qui

127 2174 281 2272 chylum
304 2175 459 2244 minime
479 2174 797 2262 animadvertunt,
826 2199 903 2245 non
929 2177 1001 2247 nisi
1026 2177 1125 2247 intra

127 2315 190 2364 sue
203 2291 373 2381 vascula,
389 2307 573 2362 secretum
593 2290 725 2362 haberi
742 2317 762 2362 a
778 2293 916 2363 caeteris
931 2292 1125 2365 inutilibus

128 2410 393 2482 alimentorum
411 2408 589 2507 partibus.
608 2412 685 2481 Nec
704 2410 771 2506 qui
788 2409 871 2481 alba
896 2412 996 2507 egeri
1012 2435 1051 2482 se
1073 2412 1126 2482 vi-

129 2526 225 2600 disse
237 2529 492 2624 scripserunt,
512 2526 614 2597 aliud
628 2525 886 2624 significarunt
898 2553 1011 2624 quam
1031 2528 1126 2599 albi-

130 2645 269 2728 cantia,
289 2645 320 2714 si
338 2643 509 2716 videlicet
523 2669 608 2715 cum
626 2646 870 2715 recrementis
893 2645 1130 2717 naturalibus

131 2759 413 2846 conferrentur,
430 2777 494 2832 aut
507 2763 538 2833 si
555 2760 868 2847 albavoluerunt,
884 2761 943 2832 'vel
956 2786 1025 2858 pus
1035 2761 1128 2833 illud

131 2875 218 2966 suit,
235 2879 297 2949 vel
322 2879 427 2975 puris
454 2877 583 2950 similis
605 2902 760 2955 mucus,
784 2878 844 2948 vel
861 2902 922 2950 res
941 2878 1012 2948 alia
1031 2881 1062 2975 ej
1070 2904 1129 2951 us-

130 2996 253 3086 modi3
281 3010 325 3066 ut
344 3010 435 3094 puta
457 2997 486 3066 si
510 2996 594 3092 quis
616 3020 695 3066 non
720 3010 794 3066 tam
817 2995 992 3067 coeliacus
1014 3022 1131 3093 quam

132 3114 365 3203 lientericus,
384 3114 569 3210 ingestum
583 3112 638 3182 lac
652 3111 829 3207 dejiceret
842 3138 920 3183 non
932 3129 1128 3186 mutatum.

132 3235 262 3330 Neque
275 3232 376 3300 enim
391 3245 433 3301 ut
450 3231 488 3299 in
506 3230 659 3301 coeliaco
674 3284 683 3315 ,
703 3234 752 3299 ita
769 3230 807 3299 in
825 3230 1020 3302 lienterico
1040 3257 1131 3329 pro·

131 3346 244 3421 fluvio
264 3345 523 3421 conficiuntur
542 3346 738 3434 alimenta,
759 3347 835 3417 sive
854 3349 973 3445 inepti
990 3351 1064 3420 sint
1085 3351 1133 3421 ad

133 3466 170 3537 id
194 3465 336 3564 quibus
352 3461 490 3535 confici
511 3462 718 3549 deberent,
739 3463 860 3550 succi,
882 3464 957 3535 sive
980 3482 1134 3565 accepta

135 3604 376 3682 praepropero
393 3596 501 3651 motu
520 3581 642 3676 ejiciat
661 3579 911 3664 ventriculus,
931 3582 1006 3652 sive
1030 3584 1134 3659 laxus
