2580 4514
240 373 334 472 ⁵721
403 397 448 443 nr
475 395 619 443 stoicus
645 394 839 442 rrctus1s
866 395 1083 444 uonaonuu

238 526 386 596 catera,
405 534 487 606 quae
512 509 610 578 hanc
631 506 937 597 comitabantur,
958 510 1170 606 gravissima
1188 511 1225 579 in·

236 653 386 715 vexere,
406 629 445 697 in
464 627 582 728 iisque
597 625 856 723 tympanitem.
868 627 966 716 Quae
980 625 1180 725 hydropis,
1191 628 1227 697 sic

238 747 339 818 enim
372 746 532 840 majores
559 757 760 830 vocarunt,
788 742 937 840 species
967 746 1043 816 etsi
1073 744 1232 817 diuturnis

239 862 402 950 morbis,
427 876 469 933 ut
488 863 538 932 ait
560 861 717 932 Littrius
740 859 816 958 (1),
840 859 1049 932 ordinario
1075 861 1234 948 succedit;
1275 852 1279 865 ⁶

239 1003 515 1076 nonnunquam
536 993 661 1049 tamen
679 975 723 1048 fit
737 976 777 1047 in
796 978 943 1064 acutis,
963 980 1078 1050 velut
1091 978 1169 1070 hie,
1180 981 1235 1049 imo

240 1099 349 1169 etiam
364 1099 403 1168 in
421 1095 541 1167 multo
568 1093 821 1180 acutioribus,
839 1110 883 1166 ut
897 1097 985 1193 ipse
1000 1096 1109 1187 vidi,
1124 1113 1159 1169 et
1171 1097 1239 1169 alias

239 1213 480 1314 perscribam.
497 1218 543 1284 Et
564 1228 650 1312 post
669 1212 870 1284 diuturnos
896 1212 1069 1309 quidem
1091 1238 1239 1314 magnos·

240 1357 315 1430 que
334 1330 487 1402 morbos
502 1328 668 1428 proclive
681 1343 749 1417 est,
763 1353 851 1399 cum
868 1331 957 1427 ipso
976 1331 1240 1432 intelligerem

240 1446 367 1521 effoeto
386 1448 566 1545 sanguine
592 1462 649 1518 tot
668 1446 835 1545 talesque
867 1448 1035 1544 spiritus
1055 1475 1138 1521 non
1157 1472 1239 1548 posse

241 1567 417 1655 existere,
437 1580 530 1662 quot
547 1564 753 1662 qualesque
775 1564 1060 1637 intestinorum
1079 1582 1118 1638 et
1130 1565 1239 1640 ventri·

240 1684 315 1754 culi
330 1684 528 1780 requirunt
545 1681 665 1770 librae,
691 1696 734 1753 ut
758 1683 834 1752 aeri
852 1683 922 1779 qui
941 1683 985 1753 in
1004 1699 1239 1781 utrorumque

240 1823 331 1870 cavo
351 1813 426 1887 est,
441 1800 527 1870 satis
546 1800 776 1885 renitantur,
795 1799 825 1869 si
843 1801 1067 1894 praesertim
1087 1801 1149 1874 ille
1164 1797 1239 1871 mul

239 1930 299 1988 tus
316 1918 380 2002 sit,
400 1916 639 2013 multumque
657 1912 882 2002 rarefactus3
901 1940 955 1988 ne
977 1918 1172 1990 viscerum
1191 1941 1238 1989 eo·

238 2058 322 2103 rum
342 2034 502 2130 parietes
520 2031 779 2104 incredibilem
800 2033 840 2103 in
862 2033 1032 2105 modum
1057 2033 1237 2110 distendat.

241 2150 312 2221 Sed
325 2152 365 2220 in
384 2164 494 2222 acuto
512 2149 584 2219 lroc
604 2148 740 2220 morbo
759 2163 838 2220 erat
854 2173 919 2220 aer
932 2151 1080 2250 utique
1096 2152 1143 2224 ad
1161 2173 1238 2223 rare·

240 2265 440 2340 factionem
470 2292 635 2366 pronus,
658 2282 700 2338 ut
725 2267 784 2338 vel
807 2267 847 2336 in
876 2269 1050 2343 vasculis
1080 2297 1163 2368 quae
1187 2265 1239 2341 sub

241 2401 327 2457 cute
348 2399 456 2473 sunt,
474 2400 510 2455 et
523 2409 591 2482 per
610 2410 693 2482 quae
712 2381 867 2456 fortasse
893 2386 1030 2459 minus
1059 2385 1241 2460 meabatli

240 2503 354 2590 bere,
380 2528 418 2575 se
443 2502 707 2600 quadantenus
732 2501 947 2600 expandere
981 2505 1240 2592 videretur‚ct

242 2620 323 2691 leve
333 2620 441 2717 quasi
456 2618 697 2717 emphysema
717 2618 907 2690 inducere.
926 2618 1122 2694 Effoetum
1138 2638 1240 2695 tamen

241 2737 457 2834 sauguinem
470 2789 480 2823 ,
495 2750 531 2805 et
548 2735 638 2806 hinc
661 2734 803 2808 debiles
827 2760 962 2806 eorum
993 2739 1183 2813 viscerum
1196 2752 1239 2809 tu·

241 2857 344 2925 nicas
365 2877 457 2923 num
479 2852 677 2924 credemus
705 2850 788 2924 lieri
816 2853 1012 2951 potuisse,
1041 2859 1076 2928 si
1104 2883 1180 2929 uon
1204 2851 1237 2924 ab

241 2970 503 3069 longitudine,
520 2994 541 3041 a
555 2970 791 3043 vehementia
808 2971 940 3043 saltem
960 2973 1124 3046 morbi?
1140 2994 1238 3074 quau·

242 3114 352 3186 quam
367 3104 409 3162 ut
423 3104 503 3161 erat
517 3088 580 3160 hic
590 3087 841 3159 acerbissimis
854 3090 990 3185 capitis
1009 3091 1238 3165 doloribuset

242 3206 506 3302 inquietudine
523 3230 566 3276 ac
586 3205 718 3276 delirio
737 3206 917 3301 stipatus,
940 3231 1026 3278 non
1047 3224 1131 3281 tam
1150 3207 1235 3308 spiti-
1281 3276 1283 3283 .

239 3336 348 3393 tuum
365 3322 533 3420 inopiam
560 3336 596 3392 et
623 3322 845 3418 languorem
871 3347 991 3419 quam
1020 3322 1237 3441 copiamab-
1278 3288 1284 3363 l

163 3443 171 3455 ’
240 3463 468 3535 normesque
482 3454 607 3510 motus
616 3438 817 3510 indicabat.
837 3441 916 3510 Nec
930 3455 1066 3514 tamen
1082 3457 1235 3542 propter·

240 3582 284 3630 ea
302 3559 342 3628 in
362 3555 510 3627 Willisii
527 3557 749 3639 sententiam
762 3555 1035 3649 transibimus,
1049 3559 1136 3675 ,fuse
1147 3562 1236 3634 etiam
1282 3626 1284 3631 .

239 3777 409 3796 Μ

277 3933 322 4012 (1)
343 3887 432 3993 diem.
447 3936 483 3991 de
498 3935 611 3994 l'Acad.
625 3953 689 4011 roy.
707 3935 759 3994 des
774 3936 822 3995 Sc.
837 3955 889 3998 an.
906 3942 996 4013 1713.
