2580 4514
181 403 251 449 ma.
279 400 335 448 111.
364 399 412 447 nr
438 396 760 460 mansurarum,
784 398 895 446 rrrsr.
918 400 1038 445 xxxvr.
1068 375 1139 472 395

138 508 357 587 kiusautem
376 509 451 608 (ι),
470 515 653 599 Hurterus
667 510 736 607 (a),
753 509 956 584 Gerbezius
969 513 1023 608 (3)
1040 513 1077 582 in
1089 513 1140 584 al·

141 646 215 704 tero
231 628 528 730 hypochondno
547 628 1003 717 adnotarunttumorern,
1023 636 1140 703 etdo-

144 746 254 822 larem
265 748 315 821 ab
330 746 481 821 skirrbo
496 747 563 844 qui
576 746 762 818 intestinis
776 746 851 818 ileo
861 760 897 817 et
911 746 997 818 colo
1010 749 1141 820 arctis-

145 864 475 949 aimeadbrerebat,
499 877 565 935 aut
583 888 603 934 a
627 863 713 936 colo
735 879 818 963 tpso
839 864 974 936 ineam
999 865 1140 938 molem

143 985 256 1074 eiat0,
283 999 328 1056 ut
344 984 382 1055 vi
398 979 492 1055 facta
511 982 550 1053 in
568 981 748 1078 jecinoris
773 982 997 1080 ligamenta,
1023 983 1097 1054 boc
1120 1007 1140 1056 e

141 1126 202 1174 sua
220 1099 308 1178 sede
329 1100 521 1175 sinistrum
536 1122 666 1170 versus
684 1098 1020 1196 hypochondrium
1033 1123 1141 1199 ,com-

137 1204 291 1319 pulerit,
304 1218 365 1293 vel
374 1217 545 1291 dolorem
559 1214 753 1307 duntaxat,
770 1218 837 1315 qui
848 1217 969 1290 eidem
981 1218 1142 1313 jecinori

138 1335 232 1411 falso
243 1335 517 1435 imputabatur,
532 1359 650 1412 cuma
662 1335 888 1411 mesenterio
900 1349 1020 1420 esset,
1037 1333 1143 1434 quod

117 1448 120 1455 ’
138 1469 220 1527 erat
230 1477 324 1527 mox
339 1451 410 1526 sub
426 1478 473 1525 eo
487 1455 628 1525 viscere
644 1477 795 1524 exesum
808 1449 926 1524 ferme
944 1451 990 1524 ad
1012 1452 1144 1550 palmae

138 1570 390 1645 latitudinem.
408 1569 480 1644 Sed
494 1569 542 1643 ad
553 1571 727 1670 proprias
738 1571 923 1644 viscerum
934 1595 1017 1670 quaa
1030 1572 1068 1640 in
1080 1569 1145 1667 hy·

138 1687 390 1788 pochondriis
408 1702 516 1777 sunt,
531 1712 649 1760 noxas
667 1703 911 1760 revertamur.

188 1833 248 1880 aa.
275 1807 464 1898 Quoniam
483 1831 575 1878 vero
591 1805 661 1878 tibi
675 1806 794 1878 multo
809 1808 946 1905 saepius
966 1805 1145 1879 observa·
1181 1854 1196 1901 ,ι

142 1927 270 2001 tiones
287 1924 467 2024 descripsi
482 1925 664 1996 tumentis
679 1939 743 1995 aut
757 1923 919 2023 hepatis,
935 1940 998 1997 aut
1016 1924 1145 2011 lienis,

142 2041 290 2117 idcirco
313 2041 361 2114 ad
375 2066 448 2141 eas
468 2064 565 2139 quas
584 2039 767 2113 hactenus
791 2067 837 2112 ex
864 2043 1033 2115 Vaisalva
1056 2066 1146 2139 pro-

138 2160 232 2246 tuli,
251 2159 313 2231 hic
332 2183 470 2259 paucas
483 2158 696 2233 adscribere
713 2159 800 2231 satis
817 2161 908 2248 erit,
932 2159 1146 2231 tumoribus

140 2276 303 2349 visceris.
313 2277 509 2375 utriusque
528 2299 759 2348 communes.
1194 2359 1195 2363 Ἰ

193 2394 254 2467 23.
280 2396 482 2480 Lanarius,
500 2393 749 2492 quadraginta
765 2397 915 2467 circiter
933 2418 1148 2479 annorum,

141 2514 347 2586 veneratio
361 2496 624 2585 nosocomium
635 2515 851 2584 Patavinum
860 2528 1018 2612 propter
1032 2511 1150 2611 bypo·

125 2610 447 2719 ⁸cbondrinrum,
474 2645 517 2702 ut
543 2631 623 2729 ipse
655 2630 827 2718 dicebat,
859 2630 1149 2704 obstructiones.

146 2751 247 2821 Vera
261 2747 408 2834 dicere,
427 2773 515 2820 cum
528 2749 650 2821 malus
670 2746 777 2820 faciei
794 2749 923 2838 color,
947 2762 985 2820 et
1002 2745 1151 2833 infirma

148 2881 273 2940 totum
279 2867 356 2962 jam
366 2891 508 2938 annum
520 2865 717 2953 valetudo,
733 2881 771 2938 et
780 2864 962 2940 febricula
971 2889 1047 2964 qua
1058 2888 1152 2964 saepe

148 2999 314 3058 tentatus
328 2981 467 3075 fuerat,
483 3008 554 3056 nec
572 3009 618 3056 eo
634 2985 717 3082 ipso
730 2984 881 3056 carebat
895 3000 1086 3082 tempore,
1099 2985 1153 3055 in·

148 3101 346 3191 dicabant,
368 3119 449 3174 tum
467 3102 671 3202 prasertim
689 3104 839 3174 admota
859 3100 1154 3201 hypochondrio

148 3220 305 3317 utrique
323 3244 477 3308 manus,
496 3219 651 3292 dextero
670 3221 929 3318 potissimum,
954 3217 1156 3292 confirma·
1258 3203 1259 3206 ¹

149 3338 228 3410 bat.
242 3341 338 3409 Cum
355 3337 409 3410 ibi
421 3339 498 3434 jam
512 3339 767 3411 remediorum
784 3365 856 3439 ope
874 3337 1016 3437 aliquid
1035 3335 1157 3437 profe·

151 3456 251 3528 cisse
273 3453 483 3546 videretur,
505 3480 594 3527 ecce
619 3472 728 3529 acuta
754 3457 1008 3556 prehenditur
1031 3453 1156 3544 febre,

147 3639 225 3653 a„

191 3762 237 3839 (ι)
258 3763 296 3819 Et
310 3773 386 3819 cent.
404 3781 415 3818 r
432 3774 461 3819 et
477 3781 511 3835 a,
529 3764 593 3820 obs.
612 3762 677 3822 186.

186 3862 235 3941 (a)
256 3862 334 3920 Ibid.
349 3864 414 3919 obs.
432 3863 498 3931 184.
735 3943 736 3947 Ἰ

189 3964 234 4043 (6)
257 3967 295 4021 Et
309 3966 373 4021 dec.
387 3964 424 4033 3,
441 3966 475 4019 Α.
491 3980 506 4034 7
521 3975 551 4020 et
562 3963 597 4021 8¹·
610 3963 675 4020 obs.
695 3963 768 4019 ms<
794 3978 798 4001 ·
