2654 4508
200 363 267 408 LIB.
295 361 350 407 111.
373 360 418 404 DE
444 358 579 405 stottnls
596 360 765 424 VENTRIS,
790 362 901 408 EPIST·
922 365 1042 409 XXXIV.
1071 369 1136 432 271

144 474 410 563 inficierentur.
430 472 524 543 Mihi
549 497 638 543 vero
667 476 707 543 in
733 500 836 570 aeque
863 476 928 572 pio
954 501 996 547 ac
1022 477 1144 551 nobili

145 595 336 690 doctoque
353 593 511 688 juvene,
541 583 644 665 nunc
668 608 792 665 autem
812 595 1041 691 amplissimo
1060 598 1142 669 viro

147 712 304 799 accidit,
322 727 363 781 ut
382 736 466 781 cum
484 735 505 779 a
522 712 661 782 caeteris
674 710 827 782 medicis
843 727 879 783 et
895 739 916 783 a
931 739 990 784 me
1004 716 1144 812 pariter

148 856 225 928 quo
247 827 667 927 magis-inquirebatur,
691 853 735 900 eo
761 829 885 900 minus
910 831 985 901 ulla
1011 832 1144 930 depre-

147 947 265 1021 hendi
282 961 408 1045 posset
428 969 537 1016 causa
555 946 829 1017 recurrentium
842 947 1047 1019 identidem
1060 975 1146 1023 ven·

106 1041 111 1051 ¹
148 1069 215 1138 tris
234 1065 433 1152 dolorum,
451 1063 607 1151 accidit,
630 1064 805 1161 inquam,
822 1081 864 1135 ut
892 1090 936 1135 ex
967 1065 1037 1145 hac
1066 1069 1147 1164 ipsa

73 1177 76 1183 ⁵
150 1200 365 1256 caeterarum
389 1207 584 1254 causarum
612 1181 780 1254 absentia
803 1185 1034 1279 suspicarer,
1065 1209 1146 1257 eam

150 1328 224 1400 qua
245 1301 291 1373 de
309 1302 475 1398 agimus,
501 1297 596 1370 forte
629 1298 789 1375 subesse.
824 1305 946 1392 Quam
967 1304 1148 1400 suspicio·

148 1442 237 1490 nem
253 1420 408 1491 minime
432 1443 566 1488 vanam
596 1443 673 1490 esse
701 1421 883 1515 cognovi,
911 1422 1148 1519 interrogans

150 1564 197 1609 an
224 1535 319 1607 forte
346 1537 495 1631 juvaret
518 1538 674 1632 supinus
694 1538 876 1634 ‚corporis
904 1540 1005 1610 situs.
1037 1536 1148 1611 Affir-

150 1671 276 1727 munte
292 1655 390 1725 enim
410 1679 523 1751 aegr0,
544 1670 581 1726 et
592 1671 754 1739 tumore,
771 1680 886 1752 quem
899 1658 977 1753 ipse
994 1657 1043 1728 ob
1059 1682 1146 1755 par·

149 1774 301 1844 ritatem
313 1797 361 1842 ne
374 1771 685 1843 animadverterat
695 1771 860 1869 quidem,
869 1789 1031 1870 reperto,
1042 1800 1148 1847 mox-

148 1917 225 1989 que
241 1892 417 1961 intestino
433 1914 538 1960 suam
555 1891 594 1961 iu
612 1890 756 1961 sedem*
765 1894 945 1988 reposito,
966 1893 1005 1962 in
1029 1917 1147 1990 eaque

151 2028 366 2085 constanter
385 2016 551 2099 servato,
570 2011 667 2082 nulli
687 2010 845 2107 amplius
871 2012 1068 2111 redierunt
1082 2012 1149 2085 do·

151 2131 258 2205 lores.
273 2130 343 2203 Sed
361 2129 401 2200 hi
418 2129 564 2202 molesti
581 2129 708 2226 potius
723 2153 837 2225 quam
851 2154 978 2227 graves
991 2128 1147 2205 fuerant.

152 2249 299 2321 Colicos
320 2264 462 2335 autem,
482 2263 523 2318 ut
546 2246 670 2319 dicere
701 2247 981 2344 inceperamus,
996 2248 1042 2319 ab
1065 2248 1151 2323 her·

151 2368 224 2438 niis
238 2391 332 2463 saepe
349 2365 499 2436 dolores
513 2348 612 2452 fieri,
632 2389 718 2434 cum
732 2361 909 2462 frequens
924 2368 1152 2463 experientia

152 2483 341 2565 ostendit,
358 2498 439 2554 tum
470 2480 608 2555 fe'mina
636 2479 834 2553 confirmat
853 2507 873 2552 a
889 2483 1010 2579 praecl.
1036 2485 1152 2557 Weis-

151 2603 208 2673 sio
236 2599 290 2695 (1)
316 2600 494 2685 dissecta,
524 2601 568 2670 iis
594 2598 789 2677 doloribus
825 2623 918 2696 saepe
947 2616 1075 2673 vexata
1101 2601 1151 2675 ob

151 2719 325 2789 herniam
340 2718 381 2786 in
400 2716 531 2788 eadem
557 2715 643 2788 sede
669 2719 708 2787 in
736 2742 811 2814 qua
839 2732 972 2788 nostrae
999 2743 1152 2815 quoque

152 2835 304 2907 mulieri
334 2832 448 2907 iirissc
480 2833 661 2920 diximus,
685 2834 749 2907 sed
769 2860 848 2905 non
863 2835 936 2911 coli
950 2835 1079 2923 modo,
1091 2860 1154 2907 ve-

153 2978 239 3024 rum
258 2954 368 3024 etiam
394 2952 456 3024 ilei
484 2951 721 3048 portionem,
749 2954 972 3059 omentique⁸
1000 2954 1154 3027 conclu·

156 3071 331 3160 dentem,
352 3067 446 3141 fellis
464 3068 603 3166 pariter
617 3069 780 3151 vesicula
797 3070 966 3158 calculis,
979 3072 1043 3144 sed
1059 3071 1155 3145 mul·

155 3203 195 3260 to
214 3187 404 3285 pluribus,
418 3202 553 3259 onusta
570 3209 683 3283 quam
698 3186 736 3255 in
752 3186 937 3259 mulierca
952 3189 1063 3263 nobis
1076 3189 1155 3263 des·

156 3306 285 3403 cripta.
307 3306 422 3401 Cujus
441 3304 614 3375 herniam
632 3328 774 3391 raram,
794 3319 837 3374 ut
853 3306 902 3376 ait
913 3308 1068 3378 Littrius
1083 3306 1155 3404 (a),

155 3447 288 3493 vocare
317 3446 539 3520 possumus,
568 3421 707 3493 sicum
732 3418 1043 3519 frequentissimis
1063 3449 1156 3522 quas

155 3542 282 3610 tenuia
313 3539 453 3611 faciunt
480 3541 673 3629 intestina,
694 3556 944 3639 comparetur.
969 3542 1157 3615 Describit

195 3821 238 3898 (ι)
259 3826 424 3879 Commerc.
437 3823 527 3879 litter.
538 3821 686 3897 au.‘1745,
698 3824 789 3881 hebd.
798 3831 854 3895 πή,
866 3844 897 3880 n.
914 3845 940 3880 1.

195 3923 238 3998 (α)
260 3924 350 3977 Mem.
367 3923 402 3978 de
414 3923 526 3978 l'Acad.
542 3926 617 4000 Roy.
632 3923 684 3980 des
702 3924 855 3995 Scionces,
867 3943 915 3981 an.
934 3931 1021 3994 1714.
1077 3982 1080 3987 ,
