2580 4514
171 401 174 414 “
232 393 305 465 636
401 417 447 462 nn
474 416 624 463 sanmns
650 417 694 462 rr
719 415 848 463 causis
875 417 1098 464 morinorum

233 528 305 602 bus
315 530 372 626 (1)
386 530 461 601 huc
476 531 617 628 pariter
633 528 735 600 haud
747 529 1021 626 spectantibus
1037 530 1169 602 factum
1180 545 1229 637 est,

234 649 390 719 minime
403 647 676 737 omittendum,
692 662 734 718 ut
749 671 828 720 esse
846 664 967 719 extra
977 654 1182 748 proprium
1196 647 1229 718 lo·

234 791 318 837 cum
336 765 620 863 significaretuu
653 823 656 829 .
748 814 751 819 -

229 956 232 961 ,
286 883 345 972 43.
372 884 466 954 Mihi
482 909 574 954 vero
594 884 707 982 longe
726 882 796 954 alia
814 884 915 954 ratio
929 899 1013 973 est,
1031 909 1105 955 cur
1117 880 1175 955 hic
1188 880 1235 953 tibi
1259 962 1264 974 .

202 1000 283 1097 3:³'de
295 1000 458 1072 thoracis
469 999 675 1072 visceribus
686 1025 875 1099 perpauca
885 1001 1012 1074 verba
1025 1001 1234 1097 interjician.

235 1119 367 1217 Neque
387 1120 489 1190 enim
507 1120 586 1191 sola
600 1121 741 1191 ventris
757 1121 903 1191 viscera
918 1120 1141 1193 illiusmodi
1150 1118 1235 1217 hyda·

237 1236 398 1323 tidibus‚
417 1252 455 1309 et
480 1236 585 1334 quod
605 1238 788 1336 consequi
806 1237 904 1308 mihi
921 1237 1109 1327 videtur,
1126 1236 1237 1309 cicatri-

237 1354 343 1428 cibus
373 1354 538 1427 obnoxia
566 1371 683 1427 sunt:
713 1354 993 1454 pulmonibuS‚
1022 1374 1140 1456 atque
1168 1354 1235 1427 adeo

235 1473 342 1544 cordi
359 1473 555 1570 hydatides
570 1475 652 1545 illas
668 1476 897 1563 increscere,
922 1500 973 1546 ex
992 1492 1182 1562 veterum,
1195 1497 1235 1543 re·

237 1593 469 1681 centiorum‚
487 1608 523 1663 et
541 1594 634 1663 meis
650 1617 805 1689 quoque
829 1591 1177 1666 observationibus
1191 1589 1236 1662 tihi

237 1708 326 1779 alias
342 1707 400 1805 (a)
417 1725 607 1785 ostensam
630 1724 695 1780 est.
716 1710 753 1779 Si
777 1734 867 1807 crgo
892 1711 1120 1808 aliquando
1143 1711 1236 1807 aliqu

237 1850 365 1897 earum
386 1852 504 1923 quaea
524 1826 634 1898 nobis
658 1824 820 1898 definita
838 1843 953 1914 sunt,
973 1831 1194 1902 cicatricum
1212 1826 1236 1895 ir

236 1943 417 2017 alterutro
433 1961 604 2018 occurrat
620 1947 781 2033 viscere,
796 1960 838 2017 ut
853 1961 962 2019 certe
982 1949 1088 2019 mihi
1107 1951 1146 2019 in
1165 1959 1236 2018 exte

238 2063 338 2134 riore
347 2063 471 2136 cordis
481 2062 573 2136 facie
586 2065 781 2161 cujusdam
793 2064 940 2162 leporis
951 2068 1150 2154 occurrit,
1161 2060 1238 2163 quod

237 2185 482 2254 animantium
495 2208 614 2282 genus
628 2208 742 2281 quam
758 2182 895 2254 crebro
911 2183 1239 2282 hydatidibusten·

201 2323 210 2340 ·
239 2312 355 2388 tetur,
372 2301 431 2372 vel
448 2327 494 2373 ex
506 2304 619 2374 unius
633 2301 741 2373 Redii
753 2300 980 2395 tdjlectione
996 2307 1093 2376 satis
1106 2315 1238 2385 constat

239 2418 331 2515 quid
345 2433 464 2507 vetat,
485 2445 532 2490 ne
551 2444 626 2516 qua
644 2421 684 2489 in
701 2435 807 2517 parte
824 2421 1132 2494 semiconditam
1151 2419 1238 2518 hydr·
1278 2492 1280 2527 Ι

240 2536 356 2609 tidem
371 2537 548 2627 viderim,
571 2540 611 2608 in
631 2537 761 2610 eadem
781 2563 826 2609 ex
841 2536 1049 2634 hydatidis
1060 2541 1240 2613 inanitione
1278 2534 1280 2615 Ῑ

239 2670 277 2726 et
293 2656 430 2729 coalitu
450 2658 661 2729 cicatricem
682 2656 893 2728 deducam?
911 2657 1045 2755 Igitur
1064 2675 1107 2731 ut
1123 2663 1161 2729 in
1174 2681 1240 2728 ven·

237 2775 323 2862 tris,
344 2775 397 2845 sic
413 2776 524 2846 etiam
541 2777 580 2845 in
598 2775 764 2847 thoracis
775 2774 993 2848 visceribus
1017 2804 1152 2850 earum
1171 2795 1240 2875 quas

240 2893 336 2981 dixi,
358 2894 574 2965 cicatricum
593 2895 778 2991 originem
798 2892 845 2963 ab
866 2893 1129 2990 hydatidibus
1147 2893 1240 2967 dedu·

240 3037 310 3084 ces.
325 3016 493 3103 Quarum
512 3011 720 3083 secundum
735 3035 890 3108 quoque
910 3036 1042 3109 genus
1059 3015 1119 3113 (4)
1135 3011 1240 3088 essein

238 3130 485 3228 pulmonibus
503 3127 659 3201 fortasse
683 3127 993 3227 agnoscendum,
1020 3134 1196 3229 conjicies
1210 3151 1241 3198 ex

241 3272 337 3345 aqua
356 3250 454 3319 intra
473 3251 575 3346 ipsos
592 3248 631 3317 in
648 3244 877 3344 quibusdam
903 3251 1022 3351 quasi
1043 3254 1161 3324 saccis
1183 3244 1241 3320 col·

345 3624 424 3680 lbid.
442 3623 506 3680 obs
521 3623 558 3696 76
576 3635 614 3679 et·
620 3641 667 3698 79.

345 3738 439 3812 Epist.
458 3737 511 3808 16,
529 3757 560 3792 ιι.
575 3737 610 3795 33
625 3741 707 3803 et
670 3741 717 3803 4

296 3624 324 3701 1)

313 3737 325 3814 l

316 3848 326 3928 )
348 3850 655 3910 v1d0sservu.int.
672 3849 732 3968 agli
746 3846 837 3905 anim
851 3849 980 3925 vivent,
995 3865 1056 3913 etc.

297 3962 325 4043 l)
347 3967 385 4023 N
410 3966 456 4032 43.
535 4004 543 4021 .

281 3623 291 3703 4

281 3737 310 3813 (2

284 3850 313 3930 (3

206 3963 295 4046 4
