2580 4514
139 366 211 466 596
303 389 350 436 nn
376 384 521 435 sabinus
546 387 589 432 nr
613 385 738 434 causis
764 379 981 436 nonnonnu

137 502 406 574 diureticorum
428 497 542 571 linem
570 499 721 570 tandem
755 499 929 598 aliquem
961 498 1124 587 facerent,

138 617 296 692 ostendi.
322 622 463 688 Eorum
490 616 639 712 aliqua,
668 617 733 687 sed
764 618 898 688 miuus
928 619 1125 714 importuno

136 751 306 832 tempore
332 734 532 828 minusque
548 748 737 829 suspecta,
769 757 854 803 nou
875 734 1037 805 sanandi
1058 758 1126 830 spe,

136 845 275 924 sedne
308 874 405 949 aeger
435 848 659 946 intelligeret
693 872 753 918 me
782 847 1041 946 desperasse,
1067 851 1126 948 ipse

136 991 288 1066 quoque
304 965 563 1050 laudaveram,
579 964 617 1034 in
633 963 691 1036 his
707 965 802 1036 levia
817 966 998 1063 quaedam
1023 992 1065 1038 ex
1083 991 1127 1037 re·

136 1087 216 1159 sina
235 1081 499 1155 terebinthina.
516 1079 587 1151 Sed
616 1105 703 1152 cum
717 1082 1073 1156 animadvertissem
1093 1107 1127 1154 ne

136 1200 293 1272 odorem
314 1196 467 1298 quidem
494 1197 621 1285 illum,
641 1222 753 1294 quem
781 1198 939 1286 solent,
966 1201 1127 1271 violarum

37 1382 40 1386 Α
136 1318 356 1389 martiarum
376 1313 422 1387 ab
443 1314 502 1386 his
517 1316 643 1386 urinas
660 1315 835 1402 traxisse,
855 1315 1020 1406 iisdem,
1040 1334 1127 1415 atque

135 1435 229 1507 adeo
243 1458 376 1506 renum
396 1434 461 1501 viae
479 1432 537 1504 vel
551 1433 665 1529 magis
680 1455 793 1529 quam
813 1448 958 1524 antea,
982 1433 1126 1522 diffisus,

137 1552 185 1625 ad
214 1553 479 1624 intestinorum
504 1550 629 1647 potius
664 1552 760 1619 viam
788 1574 873 1621 esse
905 1553 1126 1624 redeundum

137 1672 286 1758 censui,
305 1667 508 1766 praesertim
526 1690 610 1737 cum
634 1679 820 1754 tartarus,
842 1683 889 1740 ut
904 1684 1064 1757 vocant,
1079 1693 1127 1766 pu·

136 1785 327 1874 rificatus‚
356 1809 434 1883 quo
459 1810 529 1883 per
557 1783 749 1855 intervalla
777 1785 1014 1876 utebamur,
1045 1786 1127 1859 nullo

138 1927 225 1974 cum
239 1902 485 1974 incommodo
505 1901 639 1988 multa,
658 1917 694 1971 et
713 1925 808 1998 saepe
836 1927 992 2001 aquosa
1019 1929 1079 2004 per
1090 1901 1126 1974 al

136 2043 227 2090 vum
254 2016 494 2107 deturbaret,
516 2031 553 2089 et
582 2016 725 2114 aliquot
752 2015 948 2091 horarum
986 2021 1126 2092 levamen

135 2160 284 2234 semper
315 2132 465 2207 afferret
492 2117 669 2206 advelsus
700 2133 908 2206 molestum
949 2137 1126 2236 quemdam

136 2277 288 2327 sensum
308 2253 374 2348 qui
393 2250 439 2322 ad
467 2251 668 2322 ventriculi
687 2251 885 2348 regionem
915 2253 1128 2355 percipieba-

136 2386 209 2444 tur.
227 2373 369 2441 Verum
385 2391 456 2439 nec
476 2369 535 2438 via
558 2368 636 2438 haec
654 2364 823 2466 proficua
844 2366 935 2442 fuit.
952 2373 1128 2444 Audirerat

137 2513 233 2588 aeger
252 2512 297 2558 ex
308 2485 530 2557 Michelotto
543 2539 554 2574 ,
568 2486 737 2582 juvencae
757 2486 917 2558 urinam
942 2490 1017 2561 sibi
1039 2488 1128 2560 felici·

135 2620 210 2691 ter,
227 2627 296 2675 nec
320 2600 433 2674 semel
456 2599 635 2672 adversus
653 2623 871 2672 auasarcam
892 2608 1060 2680 cessisse.
1078 2609 1128 2676 lta·

137 2747 212 2821 que
232 2716 450 2818 experiendi
464 2715 623 2815 cupido,
640 2717 708 2788 etsi
722 2741 849 2813 neque
864 2724 964 2793 anui
982 2739 1128 2822 tempus,

136 2863 263 2935 neque
282 2836 351 2907 alia
367 2834 490 2931 aliqua
508 2832 694 2930 ejusmodi
713 2848 820 2905 erant
841 2861 887 2907 ac
900 2840 1129 2914 malebatbe·

135 2977 286 3050 meryus
306 2951 384 3050 (t);
410 2949 549 3022 indulsi
567 2964 692 3020 tamen
711 2949 751 3018 in
777 2952 961 3027 remedio
985 2955 1128 3056 ejusden

138 3072 286 3168 generis
298 3093 341 3141 ac
356 3068 465 3138 urina
474 3072 612 3153 ovium,
622 3078 689 3136 aut
698 3070 809 3136 urina
821 3074 1029 3146 asinorum
1040 3091 1129 3172 ,quis

138 3187 240 3286 apud
256 3188 485 3258 Avicennam
502 3181 559 3278 (a)
576 3182 738 3280 legeram
756 3205 777 3253 a
796 3185 1039 3280 quibusdam
1061 3187 1129 3261 olin

138 3302 316 3376 adversus
331 3302 435 3373 hunc
451 3299 629 3372 morbum
643 3297 754 3371 fuisse
768 3298 975 3396 laudatas,
997 3323 1035 3381 et
1050 3301 1129 3407 quod

137 3419 303 3516 denique
318 3442 397 3490 non
409 3441 479 3516 per
494 3440 604 3491 renes
615 3430 783 3503 tantum,
801 3419 873 3492 sed
889 3439 930 3496 et
946 3449 1020 3525 per
1027 3426 1129 3498 aliun

138 3552 264 3609 movet
290 3538 527 3609 asciticorum
547 3558 680 3631 aquas,
700 3548 744 3606 ut
762 3538 948 3642 Lemeryi
975 3541 1128 3623 obseru-

175 3821 219 3897 (ι)
239 3821 329 3876 Mem.
344 3820 380 3876 de
391 3818 502 3876 l’Acad.
517 3835 584 3894 roy.
596 3817 648 3874 des
664 3817 731 3888 So,
752 3836 805 3876 an.
823 3839 918 3897 1707.

177 3917 221 3997 (a)
242 3921 343 3978 Canon
355 3919 375 3976 l.
388 3917 420 3992 3,
435 3910 495 3976 len.
510 3924 563 3991 ll,
576 3927 614 3975 tt.
629 3921 664 3990 4,
679 3934 705 3974 c.
719 3915 770 3975 13.
