2580 4514
87 240 97 281 l

179 94 259 164 ‘nin
287 117 347 164 in.
376 112 919 178 nruonnrsvnnrnrs‚nn1sr.
946 102 1052 161 xxxv.
1081 91 1152 190 349

161 219 311 330 anni'rpr
323 254 360 319 1,
377 227 620 300 incommoda
636 225 814 298 valetudo
835 227 939 299 domi
951 229 1154 320 retineret),

162 348 353 446 ,missusque
382 346 453 419 sub
478 370 676 445 vesperam
696 345 777 441 ejus
810 345 978 418 medicus
999 349 1065 444 qui
1091 360 1152 419 m'e

88 466 107 516 Ι

87 586 101 633 Ι

87 706 104 749 Ι

87 821 100 865 ἶ

87 937 98 977 Ι

170 465 378 554 consuleret,
395 460 582 535 nonnulla
601 489 645 534 ex
659 463 703 532 iis
719 463 833 560 signis
846 479 1050 553 narrasset,
1068 489 1152 561 quae

116 604 124 611 ·
169 582 261 654 nodo
281 585 573 654 commemorata
593 594 704 667 sunt,
731 580 810 677 ipse
840 595 965 651 autem
989 582 1151 653 interro-

169 699 288 797 gando,
310 698 481 796 quaedam
495 699 564 769 alia
577 722 622 768 ex
638 695 770 768 iisdem
790 721 869 767 non
893 697 1020 769 deesse
1041 700 1151 771 intel·

169 814 319 913 ligerem3
337 813 518 916 respondi
532 815 630 886 nihil
647 815 719 885 tale
739 816 928 912 opinanti,
946 816 992 887 ad
1008 840 1148 912 aegrum

100 964 104 971 ·
161 932 303 1024 rediret,
335 959 447 1031 quem
479 935 512 1007 si
538 933 597 1002 vel
623 932 769 1003 tantillo
801 934 944 1004 interea
977 935 1148 1031 pejorem

87 1052 96 1092 s
169 1044 282 1121 lactum
302 1050 634 1138 animadverteret,
654 1051 837 1120 continuo
864 1050 1149 1123 admonendum

87 1186 93 1239 ².
169 1184 313 1256 curaret,
342 1192 452 1268 posse
479 1191 656 1265 magnum
689 1168 827 1239 instare
859 1170 1150 1265 periculum3ut

167 1280 268 1358 sibiet
287 1282 449 1384 posteris
469 1297 648 1357 consueta
664 1284 845 1382 religione
873 1285 1150 1384 prudentiaque

100 1470 111 1479 ,
163 1404 387 1502 prospiceret.
410 1401 510 1494 Quid
535 1402 700 1500 quaeris?
723 1404 925 1499 Perpaucis
940 1419 1026 1501 post
1045 1403 1149 1478 bonis

160 1518 450 1617 ugermanifesto
462 1521 501 1590 in
516 1521 625 1617 pejus
637 1528 747 1590 ruere
767 1544 853 1590 cum
873 1523 1064 1619 coepisset,
1092 1536 1149 1603 at-

156 1638 233 1732 que¹
250 1663 293 1710 ea
325 1637 534 1737 dequibus
561 1652 650 1708 tunc
679 1637 832 1708 demum
857 1638 1148 1729 admonebatur,
1207 1627 1217 1653 ”

152 1744 267 1826 statim
283 1753 518 1855 perfecisset,
537 1756 634 1826 intra
651 1756 751 1825 illam
778 1756 897 1853 ipsam
921 1774 1072 1830 noctem
1089 1761 1148 1830 vir

147 1873 308 1971 optimus
323 1865 505 1972 precipiti
523 1895 610 1944 casu
626 1885 777 1970 ereptus
797 1888 861 1944 est.

147 2016 252 2064 aa.
278 1995 418 2063 Verum
448 2015 547 2063 cum
561 1994 603 2061 e'a
629 1991 675 2061 sit
703 2004 836 2061 natura
864 1991 1076 2082 medicinae,
1104 1983 1147 2067 ut

111 2190 115 2195 ,
143 2106 275 2207 eadem
290 2134 370 2181 non
391 2134 539 2208 semper
554 2107 601 2179 ad
617 2108 792 2180 eumdem
812 2109 969 2180 modum
989 2135 1148 2210 respon-

141 2222 277 2314 deant;
294 2225 408 2297 haec
384 2251 467 2324 quae
482 2225 661 2314 diximus,
677 2241 728 2296 ita
741 2250 885 2324 accipe
899 2242 980 2298 utsr
992 2228 1146 2325 quando

100 2324 113 2429 J
139 2344 339 2440 pleraque
351 2368 483 2415 eorum
510 2343 750 2415 indiciorum
772 2342 898 2415 videas
924 2347 1145 2436 convenire3

140 2463 344 2561 suspiceris
371 2460 520 2550 saltem,
543 2477 727 2559 cauteque
756 2459 936 2559 deinceps
965 2476 1002 2532 et
1020 2479 1145 2561 perat-

92 2676 95 2681 ·
138 2592 247 2652 tente
265 2595 395 2651 caetera
414 2579 600 2652 observes.
618 2585 767 2651 Interea
782 2594 907 2649 autem
923 2578 1024 2650 baud
1038 2605 1145 2679 pror-

138 2718 209 2768 sus
220 2698 355 2768 inutile
372 2695 526 2770 fortasse
537 2699 626 2785 erit,
645 2702 675 2768 si
688 2721 776 2767 cum
795 2697 838 2766 iis
852 2721 944 2811 quae
951 2700 1146 2796 superiore

139 2828 177 2886 et
191 2813 266 2887 hac
286 2840 439 2913 quoque
451 2802 608 2914 epistola
626 2816 772 2912 scriptae
793 2830 898 2902 sunt,
916 2776 1144 2890 bbservatio·

87 3006 89 3012 ,
136 2931 255 3005 nibus
282 2932 373 3005 lnin'c¹
397 2934 578 3032 pleraque
607 2932 793 3004 Albertini
821 2933 925 3029 signa
954 2933 1144 3028 conferas,

137 3050 230 3122 inde
248 3049 340 3122 vero
355 3076 437 3149 quae
455 3078 476 3123 a
494 3051 650 3122 medicis
663 3049 760 3121 tradi
778 3049 885 3120 solita
906 3065 1011 3140 sunt,
1031 3068 1073 3124 ut
1090 3055 1146 3125 in·

137 3163 277 3242 'testina
293 3194 372 3242 esse
388 3169 617 3242 inflammata
630 3191 911 3265 cognoscamus.
929 3170 1063 3243 Pulsus
1082 3171 1154 3244 ille·

136 3285 303 3358 humiles
319 3312 362 3359 ac
378 3287 521 3359 debiles
534 3287 660 3386 potius
670 3284 997 3372 animadverterat,
1017 3288 1146 3385 quales

137 3401 217 3479 fere
228 3403 385 3502 epistola
397 3406 590 3502 superiore
604 3426 783 3501 agnosces
796 3428 899 3472 num.
911 3430 1007 3500 9‚1r,
1025 3405 1147 3496 18‚25;
1187 3476 1189 3483 ,

137 3521 212 3595 hac
229 3548 322 3594 vero
342 3549 379 3594 n.
401 3550 442 3607 ας
470 3520 631 3621 nequid
657 3520 778 3592 dicam
803 3519 849 3593 de
877 3522 1055 3620 asphyxia
1075 3524 1148 3596 ibi-

137 3641 254 3732 dem,
277 3657 431 3714 etnum.
461 3647 501 3728 cl
529 3657 566 3727 et
598 3640 641 3715 16
669 3639 825 3710 demum
854 3638 1042 3712 adnotata.
1063 3643 1149 3713 Ani-
