2580 4514
144 401 212 487 tii
306 420 354 467 nn
381 416 527 465 sumnus
552 417 596 463 m
621 415 747 463 clusis
772 415 985 464 nonnonnu

140 543 247 632 nigro
263 557 374 604 succo
398 557 448 602 ex
467 529 625 602 dimidio
637 527 800 627 plenum
825 529 839 628 (
857 556 870 600 1
888 530 915 627 ).
927 544 992 603 aut
1010 533 1049 603 iu
1063 532 1131 628 ‚ejus

138 652 258 729 fundo
288 665 499 721 atramento
528 647 685 720 similem
712 654 910 721 materiam
933 649 1009 747 (α)
1035 652 1129 722 aliave

138 767 423 868 ejusdemmodi.

154 894 158 901 ’
196 889 250 962 18.
270 889 412 985 Injecta
432 885 629 983 sanguinei
643 884 866 957 vomitus-et
882 888 1022 959 veneni
1047 911 1131 959 men·

140 1010 265 1094 tione,
286 1003 442 1077 fortasse
462 1029 507 1073 ex
524 1026 584 1075 me
600 1026 768 1099 quaeres,
782 1026 851 1074 cur
870 1005 1043 1104 exempla
1057 984 1133 1105 pro·

142 1124 261 1199 ieram
283 1123 388 1195 nulla
411 1122 577 1193 vomitus
600 1122 682 1192 veri
704 1122 917 1219 sauguinis,
937 1149 1063 1222 neque
1077 1122 1134 1196 ulli

84 1236 87 1241 ⁵
139 1247 221 1341 epis
247 1243 314 1340 qui
337 1240 519 1338 pleraque
542 1238 698 1326 hausta,
717 1253 782 1310 aut
802 1239 982 1314 devorata
1007 1263 1133 1314 veneni

137 1359 406 1458 consequitur3
431 1381 517 1429 cum
537 1358 742 1454 praesertim
760 1360 800 1428 iu
821 1361 907 1430 VIII
929 1359 1002 1432 hac
1017 1358 1131 1459 Sepul-

136 1479 258 1552 chreti
282 1476 469 1563 sectione,
496 1490 553 1547 tot
579 1490 744 1573 utroque
774 1501 974 1576 exgenere
1005 1478 1132 1576 produ·

138 1611 273 1675 cantur
284 1595 298 1664 i
311 1593 385 1665 Sed
398 1617 634 1677 venenorum
650 1590 807 1665 effectus
824 1619 903 1692 quo
918 1593 1131 1668 differamin
1174 1598 1178 1669 l

87 1751 93 1761 ·
138 1715 315 1787 extremis
323 1709 440 1785 ferme
456 1712 718 1810 superioribus
730 1714 864 1785 litteris
876 1712 1132 1811 (3)indicatuu
1174 1672 1178 1807 l

138 1849 203 1907 est.
222 1833 398 1904 Vomitus
409 1846 535 1903 autem
553 1832 748 1928 sanguinei
761 1830 1048 1907 observationes
1059 1856 1134 1932 pre·
1176 1822 1178 1927 Ῑ

140 1967 198 2024 ter
223 1950 325 2024 illam
346 1975 430 2047 quie
452 1947 584 2021 iisdem
609 1948 743 2021 litteris
765 1949 836 2045 (i)
859 1965 915 2023 est
933 1952 1136 2050 propositi,
1175 1932 1178 1949 ¹

138 2083 283 2143 restant
303 2065 458 2166 quidem
479 2067 581 2155 aliie,
600 2065 666 2138 sed
681 2067 983 2140 commodiorem
1010 2068 1138 2143 aliisin
1176 2156 1178 2163 Ι

136 2186 306 2286 epistolis
329 2186 456 2257 locum
484 2184 678 2256 habitune.
705 2185 765 2256 lbi
799 2185 957 2259 tortasse
986 2185 1136 2285 quidde

136 2303 312 2403 pluribus
332 2301 572 2376 sentiendum
599 2305 743 2375 sitnon
765 2304 977 2395 silebimus,
1004 2307 1137 2405 quain

137 2423 306 2499 sectione
337 2420 409 2492 hac
443 2421 664 2518 sanguinem
701 2425 846 2494 vomitu
881 2424 1069 2520 rejectum
1102 2419 1139 2496 th

137 2540 236 2613 liene
261 2538 468 2611 deducunt.
495 2541 591 2609 Nam
614 2564 698 2637 quae
720 2565 742 2611 a
771 2539 1022 2638 pulmonibus
1047 2565 1139 2642 repe

136 2671 224 2733 tunt
241 2654 323 2754 (5),
341 2655 411 2728 illae
430 2657 561 2750 saltem
583 2682 732 2729 cumea
752 2655 993 2732 consessione
1012 2683 1140 2759 propo·

136 2791 307 2863 nuntur,
332 2773 433 2845 unde
468 2774 702 2872 intelligatur
735 2777 774 2847 in
800 2775 900 2849 hanc
941 2781 1139 2851 sectionem

136 2917 216 2971 tion
241 2892 487 2966 convenisse:
511 2918 594 2990 quae
615 2906 741 2965 tamen
764 2892 954 2968 confessio
973 2895 1028 2967 ibi
1053 2893 1139 2967 desi·

49 2998 51 3005 ¹
136 3010 292 3084 deretur
310 3008 378 3082 ubi
398 3010 505 3108 puris
523 3011 689 3082 vomitus
718 3035 764 3082 ex
791 3013 937 3108 ingenti
960 3013 1138 3084 derivant

136 3143 192 3203 est
211 3128 405 3226 pulmonis
420 3129 568 3200 vomica
578 3128 645 3226 (6)
663 3133 729 3200 Est
748 3146 897 3218 contra,
913 3129 981 3202 ubi
997 3132 1066 3229 qui
1084 3150 1137 3198 voi
