2580 4514
135 352 208 451 696
302 377 346 420 nn
374 375 519 421 sumnus
546 375 589 452 rr
616 372 987 423 CAUSIS·MORBORUM
1075 406 1078 413 .

35 499 37 503 ’
137 490 254 586 magis
271 512 382 585 qnam
403 489 440 557 in
465 488 677 585 peritonaei‚
701 485 921 586 hydropem
939 488 1073 560 cadere
1096 493 1146 561 in-

138 605 282 702 telligis.
316 608 403 676 Esse
433 619 617 701 possunt,
652 619 688 676 at
717 605 832 703 longe
864 608 1018 704 rarius,
1048 610 1145 678 etiam

138 722 331 794 nonnullae
343 720 687 821 quibuslevammrs
697 722 894 825 quidpiam
903 719 1146 796 afferantdata

137 839 430 928 medicamenta,
450 838 481 910 si
499 863 635 969 aquam
653 839 747 912 forte
764 840 951 927 educant,
973 866 1146 938 nonque

140 958 233 1055 cysti
244 956 404 1046 inclusa,
423 924 532 1028 sed
498 982 580 1055 quae
593 958 632 1028 in
647 959 788 1030 ventris
803 983 942 1037 cauum
960 957 1117 1032 effusa
1093 977 1148 1048 ειη

139 1099 218 1148 esse
237 1074 336 1146 enim
357 1089 393 1145 et
411 1073 508 1144 hanc
526 1072 750 1173 aliquando,
774 1074 841 1146 sed
868 1073 950 1146 lere
972 1099 1148 1181 paucam,

139 1189 312 1263 laudatus
329 1186 520 1262 adnotavit
534 1195 747 1313 Verneyus,
766 1205 939 1288 tuncque
953 1191 992 1262 id
1008 1193 1148 1263 contin-

140 1333 227 1406 gere
244 1332 329 1378 cum
347 1307 433 1405 plus
451 1332 555 1404 aquae
569 1307 702 1405 capere
720 1310 829 1406 cystis
850 1334 936 1379 non
956 1324 1104 1407 potest,
1120 1324 1149 1380 et

140 1423 231 1496 hinc
251 1449 331 1497 esse
350 1422 454 1522 quod
473 1440 574 1496 artus
600 1422 796 1505 inferiores
824 1451 905 1497 non
924 1429 1001 1499 nisi
1023 1428 1149 1512 serius,

140 1557 181 1613 ut
196 1541 336 1613 dictum
355 1554 429 1647 ¹est,
446 1543 707 1614 intumescant.
727 1545 782 1614 De
802 1544 920 1641 signis
942 1561 1073 1616 autem
1090 1570 1148 1642 per

143 1683 225 1757 quae
245 1660 461 1757 propositos
481 1658 669 1759 hydropes
688 1686 807 1731 unum
827 1661 876 1732 ab
895 1661 1023 1733 altero
1044 1664 1150 1733 inter·

141 1802 295 1866 noscas,
310 1779 389 1874 ipse
400 1776 575 1875 intelligis
586 1832 595 1866 ,
608 1776 703 1859 nihil
718 1802 795 1850 esse
807 1803 921 1885 posse
941 1780 1053 1877 quod
1067 1805 1148 1850 arne

142 1910 333 1994 expectes3
354 1919 398 1965 ea
411 1897 511 1966 enim
526 1897 624 1968 inter
641 1897 785 1984 oraria,
805 1912 841 1967 et
860 1896 995 2003 tubas?
1013 1913 1060 1971 et,
1072 1898 1150 1996 liga·

143 2026 270 2085 menta
285 2009 423 2108 quibus
436 2012 743 2099 committuntur,
753 2014 1025 2111 propinquitas
1039 2030 1111 2102 est,
1122 2030 1153 2086 et

144 2156 187 2204 ea
201 2132 400 2203 necessitas
420 2126 535 2201 officii
551 2156 682 2202 eorum
707 2132 880 2229 omnium
904 2131 955 2203 ad
976 2120 1077 2230 opirs
1096 2157 1153 2230 ge·

143 2250 366 2349 necationis2
384 2262 426 2322 ut
448 2274 572 2346 neque
591 2275 612 2319 a
631 2249 789 2321 tumoris
818 2248 928 2338 sede,
951 2275 1082 2347 neque
1111 2249 1153 2320 ab

145 2365 352 2464 intercepta
376 2366 415 2436 in
439 2364 595 2437 muliere
624 2366 803 2465 gignendi
826 2352 1006 2441 facultate
1038 2367 1155 2465 quod-

146 2510 232 2556 nam
242 2509 374 2555 eorum
383 2484 634 2583 hydropicum
648 2485 829 2574 sit,liceat
844 2484 1052 2565 deducere.
1062 2487 1156 2576 Quin

147 2602 215 2674 etsi
234 2601 420 2699 concipiat
441 2602 583 2673 interea
600 2601 755 2690 mulier;
783 2603 958 2675 insontes
980 2628 1062 2675 esse
1082 2603 1158 2688 illas¹

148 2734 294 2818 partes,
309 2718 376 2815 qui
389 2717 546 2790 credes?
565 2720 705 2817 quippe
724 2743 810 2790 cum
829 2720 940 2804 seim,
954 2720 1046 2791 satis
1062 2719 1109 2789 ad
1122 2718 1157 2788 id

147 2861 244 2923 esse,
263 2837 292 2907 si
309 2832 355 2906 ab
374 2835 490 2906 altero
508 2836 621 2907 latere
646 2860 741 2906 sanae
766 2837 850 2906 sint.
871 2841 1015 2906 Earum
1036 2852 1157 2907 tamen

146 2952 330 3049 aliquam,
348 2951 516 3022 ovarium
534 2952 758 3051 praesertim,
769 2967 811 3023 ut
828 2953 932 3049 quod
948 2954 1088 3050 saepius
1105 2975 1156 3023 so

146 3069 214 3157 let,
234 3084 377 3139 tumere
402 3093 511 3166 posse
536 3069 732 3165 conjicieS,
747 3094 832 3169 cum
850 3094 889 3140 se
909 3071 1076 3141 tumoris
1090 3071 1157 3139 ini·

145 3187 241 3256 tium
252 3182 299 3256 ad
310 3182 458 3255 illarum
473 3185 599 3257 sedem
613 3186 832 3283 prodiderit.
845 3190 1157 3284 Possesinquam,

144 3301 345 3398 conjicies:
365 3327 451 3371 nam
467 3300 525 3373 vel
539 3299 593 3373 ibi
609 3317 752 3390 tumor,
772 3328 842 3374 nec
859 3304 899 3373 in
916 3303 994 3374 illis
1011 3319 1155 3388 tamen,

142 3414 221 3490 esse
245 3432 377 3516 potest.
402 3414 617 3489 Videndum
637 3445 791 3516 quoque
811 3435 902 3490 tnnc
922 3435 1002 3517 est,
1032 3446 1082 3492 ne
1101 3436 1152 3490 tu-

35 3529 37 3535 ’
141 3562 225 3606 mor
246 3538 291 3607 sit
310 3534 407 3606 forte
420 3535 569 3609 alterius
587 3537 753 3633 generis,
774 3551 816 3606 ut
828 3550 920 3634 puta
941 3561 1035 3608 cum
1056 3542 1150 3608 Gan·

140 3651 318 3751 delphius
341 3651 397 3749 (ι)
423 3653 591 3721 ovarium
615 3666 818 3750 utrumque
845 3653 1152 3753 invenit'capitis

174 3917 219 3995 (ι)
241 3917 318 3975 Hist.
334 3919 369 3975 de
385 3919 497 3975 l'Acad.
512 3936 576 3995 roy.
594 3919 644 3976 des
660 3920 706 3977 Se.
720 3936 769 3974 an.
785 3935 874 3991 1707,
890 3919 960 3976 obs.
973 3931 1057 3977 anat.
1074 3926 1101 3985 l.
