2580 4514
200 376 270 427 m.
286 378 345 427 ιιι.
373 380 419 426 nr
438 377 575 430 nonnis
593 376 762 442 verram,
785 378 896 428 rrrsr.
917 378 1052 428 xxxvn.
1081 353 1150 431 533

147 496 254 587 genti
267 489 491 564 dilatatione
499 494 614 583 facto
633 493 686 562 r‘bi
702 490 841 593 diutius
856 494 1075 565 subsrstere:
1099 495 1169 568 sie'
1195 553 1198 558 .

151 607 328 681 eumdem
346 609 481 703 iterum
500 608 559 680 vel
576 609 693 706 magis
708 607 842 695 laudo,
866 609 971 706 quod
991 611 1152 684 dubium

151 745 212 802 se,
231 725 309 795 imo
326 724 363 796 in
380 724 532 797 alteram
552 724 772 797 sententiam
795 727 1010 822 proniorem
1024 742 1151 801 osten-

152 838 270 930 derit,
296 857 495 939 propterea
513 841 600 939 quia
617 847 696 914 sine
701 840 1003 941 praecedentibus
1026 844 1152 919 lateris

148 954 278 1027 dextri
288 957 507 1029 torminibus
522 956 663 1056 lapides
679 957 734 1028 illi
750 957 858 1053 ejecti
867 954 1017 1030 fuerint.
1029 961 1153 1033 Bezol·

151 1070 204 1143 do
220 1054 280 1171 (ι)
296 1098 449 1172 quoque
469 1073 507 1144 id
525 1075 564 1144 in
582 1073 691 1146 laude
711 1098 832 1172 pono,
855 1074 958 1171 quod
977 1074 1043 1146 vel.
1056 1100 1151 1174 prae-

149 1191 221 1261 viis
236 1213 305 1288 per
320 1191 561 1280 sexennium,
581 1208 616 1264 et
632 1216 677 1262 eo
694 1177 854 1291 amplius
870 1190 1151 1290 hypocbondrii

151 1305 275 1378 dextri
305 1305 517 1396 doloribus,
538 1331 624 1380 cum
657 1308 820 1406 denique
855 1307 949 1408 lapis
977 1308 1151 1406 'dejectus

151 1439 267 1512 esset,
291 1423 377 1496 licet
397 1426 495 1523 ipse·‚
518 1449 589 1497 nec
613 1425 692 1498 sine
721 1423 950 1515 rationibus,
968 1452 988 1499 e
1006 1426 1150 1512 bilariis

149 1538 327 1612 ductibus
352 1542 512 1614 extitisse
532 1542 794 1631 arbitraretur,
813 1539 1002 1641 professus
1021 1558 1076 1616 est
1092 1558 1147 1617 ta-

141 1656 241 1728 'men
260 1681 306 1730 se
316 1658 417 1729 nolle
437 1657 624 1732 mordicus
652 1660 711 1732 isti
731 1658 912 1734 inhaerere
934 1665 1148 1748 sententie&

147 1774 263 1848 credo
280 1777 368 1874 quia
393 1800 463 1873 pro
486 1790 586 1847 tanta
610 1775 743 1876 lapidis
763 1775 862 1851 mole
882 1802 960 1849 non
981 1775 1033 1850 ibi
1055 1793 1149 1852 tuno
1217 1795 1220 1801 ’

147 1892 302 1966 demum
317 1890 446 1966 fuisset
462 1895 611 1966 insolita
630 1894 822 1993 quaedam,
839 1910 876 1968 et
892 1896 1051 1970 maxima
1063 1921 1147 1968 om-

148 2011 256 2083 nium
270 2009 413 2083 doloris
427 2012 600 2084 atrocitas
614 2035 700 2083 eum
714 2013 891 2112 pervictis
906 2013 1057 2087 tandem
1075 2016 1147 2086 ori·

146 2127 227 2202 ficii
244 2129 455 2200 communis
467 2127 812 2225 ductusangustiis,
830 2154 872 2200 se·
884 2144 1039 2228 repente
1052 2130 1146 2230 lapis
1237 2128 1243 2138 ’

145 2247 188 2318 in
208 2244 424 2320 duodenum
441 2247 660 2318 intestinum
679 2241 836 2318 effudit:
856 2245 994 2344 quibus
1015 2247 1056 2318 in
1078 2271 1145 2319 an·

146 2364 278 2466 gustiis
297 2363 326 2436 si
344 2362 484 2436 diutius
500 2361 740 2451 substitisset,
758 2387 836 2434 non
857 2376 1004 2462 poterat
1023 2378 1145 2454 certe,

141 2484 218 2555 nisi
233 2507 315 2554 rara
334 2479 503 2580 quaedam
528 2495 693 2579 ponatur
716 2479 936 2552 bilariorum
960 2478 1144 2554 ductuum

144 2599 361 2699 dispositio,
379 2623 458 2670 non
474 2599 619 2696 regium
640 2596 842 2686 morbum,
858 2595 905 2669 de
929 2621 1007 2696 quo
1026 2593 1143 2670 altum

143 2713 753 2805 silentium,intulisse.Perveliem
766 2738 868 2813 aeque
878 2714 1143 2789 commendare

143 2858 255 2935 posse
280 2830 533 2905 Abrabamum
564 2835 744 2905 Vaterum
773 2831 846 2928 (a),
872 2829 1024 2903 doctum
1050 2829 1143 2903 alio-

143 2953 238 3050 quin
256 2965 292 3023 et
306 2974 472 3049 sagacem
488 2949 673 3022 medicum
687 3002 697 3039 ,
715 2948 781 3047 qui
795 2947 961 3044 dejectos
975 2946 1072 3020 duos
1085 2953 1142 3017 in-

139 3074 257 3171 signis
275 3066 540 3165 magnitudinis
558 3066 722 3143 calculos
740 3092 760 3138 e
778 3066 870 3163 cysti
891 3090 1011 3163 usque
1033 3063 1142 3137 fellea

139 3174 286 3257 venisse
319 3211 397 3255 non
433 3183 597 3271 dubitat,
622 3184 790 3282 quamvis
821 3204 887 3253 nec
915 3180 1047 3271 dolor,
1074 3206 1142 3253 neo

141 3301 252 3373 attud
266 3299 539 3391 incommodum
554 3302 604 3371 ab
620 3305 707 3400 ipsis
726 3314 840 3370 antea
849 3312 1073 3400 perceptum
1090 3324 1142 3370 es·

138 3433 213 3504 set,
234 3434 271 3490 et
286 3419 345 3490 vel
363 3434 454 3490 tunc
472 3419 612 3491 ventris
635 3417 821 3490 cruciatus
845 3441 923 3487 non
943 3416 1140 3488 dexterum

137 3535 499 3634 hypochondrium:
528 3534 593 3607 sed
615 3539 783 3633 primum
809 3539 997 3632 regionem
1026 3533 1140 3604 unibi-

177 3816 221 3900 (1)
242 3819 320 3876 Diss.
334 3820 424 3877 modo
437 3820 488 3878 cit.
501 3838 559 3878 cas.
573 3822 588 3890 S
601 3838 629 3892 7.

181 3916 222 4003 (s)
247 3919 319 3976 Obs.
334 3919 350 3978 3
359 3906 476 3998 ,supra
490 3920 529 3980 ad
540 3939 572 3978 n.
589 3927 646 3992 ta,
660 3919 710 3979 eit.
724 3922 740 3991 ς
753 3930 886 3996 retseq2
