2580 4514
146 344 214 417 160
311 367 357 414 na
383 365 528 414 sautans
552 367 596 412 nr
621 365 745 414 causrs
770 365 981 416 noaronnn

144 506 209 553 ore
231 479 416 569 abscedit,
436 478 732 555 membranulam
755 466 925 552 cuticulae
943 504 1023 553 esse
1046 504 1102 551 cor

144 586 411 682 tinuationem,
439 612 502 667 aut
530 613 629 668 certe
654 598 687 668 ei
712 596 962 694 proportione
984 620 1102 695 respor

145 714 244 788 der'e.
262 717 355 784 Nam
373 712 473 783 idem
491 714 556 810 qui
573 715 610 782 in
631 712 810 810 prolabiis
829 729 866 786 et
884 712 1015 785 buccis
1039 711 1102 784 ban

144 831 355 931 epitbelc‘am
387 831 551 913 vocavit,
581 830 661 924 ejus
688 830 846 902 similem
872 828 1102 928 epr'tbeliami

142 949 227 1048 gula
264 973 440 1046 quoque,
467 945 660 1017 stomacho
689 962 727 1019 et
758 949 944 1020 intestinis
975 945 1102 1018 ostend

140 1066 349 1165 Ruyschins
373 1066 449 1162 (r);
468 1067 592 1161 itaque
614 1089 698 1152 me,
724 1067 753 1137 si
771 1065 818 1137 de
835 1065 904 1136 alia
925 1081 1031 1163 parte
1057 1087 1102 1135 no

140 1186 195 1256 vis
205 1239 215 1272 ,
226 1183 273 1255 de
287 1184 356 1253 bac
369 1183 496 1254 saltem
512 1181 617 1279 loqui
627 1181 786 1267 credit0,
801 1206 914 1279 quam
930 1182 1102 1254 bumorm

102 1287 111 1309 ⁶
141 1302 362 1387 acrimonia,
382 1315 444 1371 aut
469 1314 555 1397 post
571 1297 903 1371 inflammationem
923 1296 1102 1397 superdicit

140 1420 195 1490 ria
212 1441 407 1518 gangraena
424 1416 471 1517 ab
488 1416 634 1514 reliqua
658 1418 847 1489 interioris
875 1419 1013 1489 tunicae
1031 1430 1102 1515 part

119 1559 122 1563 ’
141 1536 277 1624 solvat,
292 1549 328 1605 et
341 1535 583 1605 recrementis
603 1558 729 1606 secum
744 1533 1003 1631 abripiendum
1018 1545 1056 1606 et
1074 1532 1102 1605 d

140 1651 363 1722 volvendum
385 1650 582 1748 relinquat.
602 1654 649 1723 At
669 1652 767 1722 enim
793 1649 997 1746 aliquando
1020 1674 1102 1721 meu

139 1767 265 1838 branae
279 1767 523 1863 dejiciuntur,
534 1768 701 1864 inquies,
718 1782 760 1838 ut
773 1769 929 1838 Saxonia
940 1768 996 1865 (2)
1014 1766 1102 1865 loqu

139 1899 222 1973 tur,
238 1889 328 1954 satis
345 1908 501 1975 crassae,
516 1883 676 1955 cuticula
693 1898 818 1955 autem
836 1899 890 1956 est
902 1885 1037 1956 tenuis.
1056 1886 1102 1957 Ul

140 2026 229 2098 que,
246 2001 317 2072 nisi
336 2000 497 2072 humore
510 2000 672 2098 plurimo
690 2001 898 2091 imbuatur,
921 2000 1013 2073 hinc
1034 2001 1102 2073 enit

138 2115 219 2191 fieri
241 2120 385 2190 censuit
397 2114 442 2188 cl.
466 2123 654 2190 Fautouus
667 2119 736 2216 (3),
753 2134 794 2190 ut
808 2143 903 2216 saepe
917 2143 1001 2220 eam
1019 2116 1102 2191 vide

139 2261 221 2308 mus
235 2260 279 2306 ex
292 2241 535 2308 nesicantium
552 2259 622 2306 usu
636 2258 855 2307 crassescere
863 2236 976 2325 adeo,
991 2250 1035 2307 ut
1046 2233 1102 2307 ind

138 2355 178 2424 iu
198 2354 325 2452 plures
346 2353 596 2454 laminasuesse
617 2352 858 2439 divisibilem,
879 2366 943 2440 aut
963 2368 1102 2427 consta

138 2497 183 2544 ex
201 2472 400 2569 spongiosa
427 2468 633 2541 substantia
646 2470 858 2564 conjecerit.
879 2469 991 2561 Quod
1013 2472 1044 2543 si
1056 2494 1102 2542 rer

138 2612 185 2660 ne
203 2587 423 2685 sicquidem
445 2587 531 2658 satis
549 2610 569 2655 a
587 2611 646 2657 me
668 2586 844 2683 explicari
857 2586 1102 2673 contendant

135 2721 179 2776 tu
193 2705 354 2777 vicissim
369 2702 461 2773 mibi
480 2704 622 2799 explica
640 2703 817 2774 Benevoli
841 2704 1011 2802 chirurgi
1025 2728 1102 2803 exp<

137 2822 352 2894 rientissimi
382 2819 683 2892 observationem
707 2820 782 2917 (Δ)
805 2820 962 2893 detracti
988 2848 1036 2895 ex
1062 2846 1102 2893 a·

139 2939 276 3010 canalis
293 2937 543 3023 membranei,
562 2936 664 3035 longi
681 2937 817 3035 digitos
837 2954 1102 3012 transversos-a

68 3101 69 3104 =
138 3080 225 3145 sex,
242 3055 304 3126 lati
319 3068 502 3151 quantum
521 3052 615 3124 solet
626 3056 843 3126 intestinum
857 3071 1023 3146 rectum,
1039 3077 1102 3129 ern

138 3174 168 3245 si
188 3189 312 3243 autem
337 3171 447 3248 adeo,
474 3184 516 3240 ut
544 3173 606 3240 ani
629 3170 823 3267 sphincter
848 3188 912 3244 aut
940 3188 1102 3246 totus'm

137 3311 234 3389 pene
249 3305 352 3361 totus
372 3313 456 3358 cum
477 3312 522 3358 eo
542 3288 661 3359 canali
683 3288 861 3382 excidisse
873 3278 1102 3364 videretu'rtt

192 3612 220 3687 ι)
241 3610 329 3666 Tbes.
343 3616 423 3661 auat.
437 3625 472 3676 7,
488 3625 519 3661 n.
532 3615 580 3673 4⁰·

207 3708 220 3784 )
240 3710 272 3765 C.
289 3727 324 3780 19
341 3724 430 3780 supra
441 3705 478 3761 ad
492 3725 521 3760 n.
537 3726 572 3779 19
586 3707 637 3763 cit.

207 3807 219 3885 )
238 3811 326 3864 Anat.
340 3825 423 3879 corp.
434 3806 516 3860 hum.
529 3805 599 3863 diss.
616 3824 644 3862 a.

207 3907 219 3985 l
242 3908 277 3966 18
288 3909 363 3965 delle
375 3908 537 3978 Quaranta.

175 3611 187 3687 l

175 3707 187 3784 l

174 3807 187 3882 l

175 3907 187 3985 l

188 3727 205 3764 a

188 3808 204 3864 3

189 3914 206 3974 l,
