2580 4514
140 367 210 441 622
302 387 349 433 ur
374 382 520 435 scurrus
544 384 588 431 ιτ
612 384 739 432 causis
765 384 988 435 nonnoauu

142 516 347 584 reserant,
376 523 446 570 nec
473 521 541 594 per
565 521 603 569 se
628 498 777 584 orario,
796 499 872 571 sed
904 527 977 600 per
999 502 1124 604 longo!

142 614 325 719 petiolum
344 613 649 687 annectebantur.
665 619 779 686 Erant
799 615 980 716 deniqne
997 623 1125 694 nonnul

143 741 186 811 lae
207 737 302 823 aliae,
327 736 480 805 minima
503 730 585 803 faba
605 755 683 802 non
709 733 901 828 majores,
931 738 1033 810 inter
1054 740 1126 838 ipsos

143 853 288 927 vitellos
302 853 464 934 consita,
475 849 540 921 sed
551 849 606 918 hae
619 844 759 922 caeteris
773 853 905 925 multo
922 857 1126 972 magisalbe,

144 988 181 1044 et
201 996 296 1067 aqna
322 967 475 1065 limpida
499 967 629 1063 plenae.
652 968 838 1039 Coctione
868 985 1004 1047 tamen
1033 999 1125 1072 neque

143 1091 221 1163 haec
238 1111 359 1183 neque
382 1082 547 1157 subflava
567 1100 782 1155 caeterarum
811 1110 918 1184 aqua
946 1092 1123 1161 concrevit:

143 1206 421 1289 mediantem,
444 1204 510 1299 qni
534 1204 700 1273 maximae
722 1202 827 1275 illius
847 1213 1027 1278 extremo
1044 1207 1125 1278 iuba·

144 1323 300 1408 rebant,
326 1336 365 1390 nt
382 1322 507 1391 minus
531 1319 664 1390 molles
679 1335 789 1392 autea
808 1317 996 1413 fuerant,
1016 1304 1124 1397 sicui·

144 1443 199 1538 gis
216 1465 328 1536 quam
346 1438 481 1539 reliqui
502 1436 764 1510 induruerunt.
782 1443 888 1511 Cum
900 1442 1123 1540 cellulaaqmt
1152 1468 1155 1543 j

144 1562 240 1629 intra
260 1557 420 1650 majores
444 1553 642 1651 hydatides
663 1569 980 1654 transpontem,
997 1584 1120 1632 moire

145 1699 372 1774 cognoscere
389 1676 488 1745 intus
507 1672 665 1761 vellem3
687 1673 888 1773 paulisper
910 1676 1012 1751 forte
1028 1700 1121 1751 avea-

144 1811 204 1866 tus
230 1817 338 1864 sum:
363 1788 493 1861 famuli
516 1806 640 1863 autem
668 1792 942 1889 intempestiva
964 1793 1119 1879 sedulitas,

145 1911 211 2007 qui
228 1909 384 1980 mesatis
399 1908 524 1979 omnia
540 1910 768 2005 perspexisse
781 1911 989 2002 credebat,
1004 1916 1119 1996 interea,

143 2053 239 2124 aegre
261 2051 320 2097 me
343 2023 501 2112 ferente,
534 2024 623 2096 illuc
657 2024 871 2120 abjecerat,
901 2027 1117 2126 undevrenpi

141 2172 221 2217 non
239 2157 423 2245 poterant.

194 2264 250 2336 38.
273 2262 358 2332 Noli
381 2260 624 2357 mirariiaegre
646 2283 706 2330 me
726 2258 865 2334 tulisse
881 2267 993 2361 quod
1013 2291 1051 2337 ea
1064 2285 1117 2361 qut

144 2384 182 2452 in
197 2380 314 2452 vitulo
326 2394 362 2449 et
377 2374 553 2450 columba
570 2391 850 2475 transpexemm
862 2378 1117 2482 ,perspiciendi

144 2500 289 2596 copiam
310 2523 388 2567 non
405 2494 614 2566 habuerim.
632 2497 720 2584 Qnae
741 2499 845 2567 enim
867 2496 1063 2596 hytlatides
1076 2508 1116 2569 aut

145 2613 354 2714 sanguifera
372 2637 456 2684 vasa
470 2637 538 2710 per
554 2612 718 2683 medium
735 2637 872 2684 cavum
892 2618 1115 2705 traductam

144 2735 216 2804 hoc
247 2735 286 2802 in
313 2731 464 2802 cellulas
486 2729 741 2827 multiplieiter
766 2729 996 2808 distinctim
1024 2749 1116 2808 osun-

49 2892 53 2899 ·
141 2853 249 2937 dant,
278 2874 404 2921 earnm
432 2850 614 2945 originem
640 2846 742 2918 baud
764 2850 816 2921 iu
846 2848 960 2925 facile
987 2867 1114 2952 repetet,

142 2985 238 3041 anta
258 2968 416 3064 simplici
431 2964 651 3062 glandulosa
673 2965 859 3054 vesicula,
884 2971 997 3066 cujus
1021 2972 1061 3044 sit
1079 2989 1115 3038 us·

142 3088 269 3159 culum
291 3085 528 3171 obturatum,
545 3097 607 3154 aut
627 3080 674 3152 ab
694 3107 772 3153 uno
787 3083 924 3180 aliquo
939 3090 1038 3160 rasis
1051 3088 1115 3184 lym·

141 3204 281 3302 phatici
295 3205 472 3299 utrinque
486 3201 637 3302 demum
658 3200 812 3271 occluso
827 3201 1036 3277 interstitio
1045 3196 1115 3302 quel

141 3323 240 3391 inter
256 3320 363 3392 binas
386 3333 422 3390 et
443 3318 549 3390 binas
568 3316 732 3388 valvulas
762 3317 982 3393 intercedit.
1003 3327 1053 3394 Ex
1066 3338 1116 3418 qut

142 3436 369 3508 Wartbonus
396 3435 453 3507 bis
475 3432 637 3531 lymphae
662 3431 847 3505 ductuum
872 3428 1116 3511 interstitiisal

140 3554 359 3654 hydatidum
384 3549 682 3624 efformationem
704 3552 975 3648 explicandam
991 3559 1117 3628 ususesl

140 3698 182 3743 ea
201 3672 439 3768 rationeque
456 3672 494 3740 in
512 3671 717 3745 sectione-m
730 3668 832 3742 banc
843 3663 1116 3772 (1)Sepulchnl

177 3939 221 4016 (ι)
243 3935 332 3996 Schol
345 3939 383 3995 nd
395 3942 411 4008 ς
423 3914 537 4007 8;''bbs.
556 3956 608 4008 ιο,
622 3947 651 3993 et
662 3936 701 3993 ad
715 3939 732 4006 5
745 3944 781 4008 αἵ,
794 3934 864 3997 ὣς.
878 3959 929 4005 ar.
