2580 4514
158 400 222 448 un
242 398 298 448 111.
326 398 374 446 ou
399 394 721 460 nonsummum,
746 396 858 444 nrrsr.
876 398 1003 444 xxxnr.
1033 374 1102 447 225

120 528 158 587 ut
179 512 271 593 illud
304 527 371 584 aut
396 510 495 597 haec,
522 508 811 582 detrudentibus
842 514 1106 600 excrementis,

126 628 358 718 descendens,
383 627 511 715 multis
538 627 760 724 magnisque
792 628 913 724 rugis,
946 653 1108 725 quarum

132 744 192 817 alia
208 747 287 820 aliis
304 749 576 846 imponantur,
600 743 754 815 valvulae
772 746 890 816 instar
913 743 1108 834 efformet,

136 866 423 962 quotiescumque
448 862 607 935 artificio
625 864 828 959 praesertim
849 862 976 959 aliquo
1004 865 1112 935 cohi-

137 976 252 1070 bitum,
280 1007 319 1055 se
346 1005 500 1081 prorsus
528 978 729 1052 extendere
756 994 793 1050 et
817 979 1003 1077 explicare
1030 1007 1110 1052 non

138 1115 241 1191 queat,
260 1102 390 1199 sicque
406 1113 578 1197 apertum
592 1097 836 1168 recrementis
854 1097 995 1167 exitum
1008 1097 1110 1170 dare.

137 1210 221 1301 Quod
233 1219 263 1289 si
275 1232 354 1306 est,
369 1217 497 1288 omnia
514 1213 701 1311 ejusmodi
712 1211 870 1284 artificia
886 1229 974 1285 sunt
990 1239 1112 1287 remo-

138 1332 248 1425 tenda,
265 1359 335 1433 per
354 1358 437 1432 quae
455 1359 541 1405 cum
571 1357 614 1403 ea
632 1332 800 1403 intestini
816 1355 903 1430 pars
923 1333 1022 1403 inter
1047 1331 1112 1404 de-

139 1464 226 1547 super
239 1451 388 1523 adactas
404 1449 510 1523 faeces
526 1465 564 1524 et
581 1451 877 1521 instrumentum
888 1452 1113 1549 comprima-

137 1574 196 1659 tur,
220 1570 323 1641 nulla
347 1569 436 1640 inde
464 1568 612 1667 sperari
634 1568 793 1655 utilitas,
821 1568 899 1639 imo
915 1566 975 1639 vel
992 1570 1113 1664 major

128 1704 210 1758 uoxa
226 1688 351 1760 timeri
374 1685 578 1784 aliquando
600 1699 733 1783 potest.
761 1684 919 1756 Illorum
939 1684 1023 1756 loco
1041 1711 1113 1757 no-

131 1824 200 1877 tum
213 1804 407 1904 quoddam
419 1805 678 1903 requireretur
689 1804 1000 1892 instrumentum,
1009 1804 1114 1902 quod

125 1946 190 1997 uon
208 1924 335 1996 solum
350 1921 532 2010 exterius,
551 1937 594 1994 ut
612 1921 694 2008 illa,
720 1919 889 1994 infimam
913 1924 1114 1996 sustineret

119 2039 278 2115 intestini
301 2056 468 2139 partem,
500 2038 566 2111 sed
596 2038 708 2110 simul
744 2062 789 2109 eo
819 2025 1052 2138 perveniret,
1071 2053 1113 2111 ut

119 2156 242 2234 fulcire
255 2160 415 2231 interius
432 2157 476 2229 a'e
494 2173 712 2255 opportune
733 2157 888 2230 dilatare
907 2173 1032 2255 posset
1046 2182 1113 2255 pa-

119 2278 223 2351 rietes
238 2276 441 2364 relaxatos,
458 2301 507 2347 ne
525 2300 705 2374 rugarum
720 2292 757 2347 et
776 2274 1009 2347 valvularum
1029 2276 1107 2347 ins-

119 2420 183 2484 ·ar,
201 2420 242 2468 se
258 2409 345 2467 ante
361 2391 466 2467 faeces
484 2393 726 2482 invertendo,
749 2393 829 2485 his,
852 2419 938 2465 cum
962 2396 1113 2466 exiturae

119 2528 220 2601 tunt,
236 2511 535 2584 intercluderent
561 2512 671 2582 riam.
702 2516 906 2609 Oporteret
936 2510 1011 2582 hoc
1035 2516 1113 2584 ins-

119 2645 346 2705 rumentum
366 2652 445 2702 esse
462 2628 668 2726 ejusmodi,
684 2644 726 2700 ut
744 2624 851 2701 facile
867 2630 1018 2701 immitti
1028 2654 1114 2727 pos·

119 2766 182 2838 et,
206 2764 322 2847 atque
344 2749 444 2818 intra
464 2746 620 2818 modum
645 2746 791 2818 dilatari
813 2747 938 2818 statim
956 2772 999 2818 ac
1019 2749 1114 2818 inci-

119 2880 217 2941 teret
228 2861 409 2937 naturalis
434 2865 632 2937 necessitas
650 2887 828 2961 poscere,
852 2888 976 2960 neque
993 2862 1115 2934 ullum

119 2987 184 3057 ive
211 2981 409 3070 lateribus,
434 2982 511 3054 sive
531 2981 736 3079 praesertim
759 3003 904 3051 summa
926 2981 983 3050 sui
1009 2995 1121 3078 parte

119 3100 290 3173 ntestino
315 3098 476 3172 laesionis
503 3097 712 3196 periculum
737 3094 913 3168 afferret:
936 3096 981 3167 ad
1010 3097 1116 3194 quod

119 3217 358 3291 menendum
370 3239 516 3290 summa
531 3240 689 3312 quaeque
699 3214 799 3285 illius
811 3216 986 3311 partium,
1001 3216 1118 3312 prius

119 3360 224 3435 [uam
244 3336 530 3423 immitteretur,
549 3333 654 3404 molli
669 3333 798 3429 aliquo
812 3357 855 3404 ac
870 3336 1015 3404 recenti
1025 3357 1116 3404 con-

119 3454 237 3527 'esfim
265 3467 392 3551 posset
419 3452 526 3551 parvi
556 3449 727 3522 animalis
755 3453 945 3522 intestino.
974 3453 1116 3522 Notum

119 3571 371 3672 poculorum,
382 3595 465 3669 quae
480 3584 634 3658 vocant,
647 3566 867 3679 artificium,
884 3569 1023 3666 quibus
1036 3568 1115 3639 chi-

119 3689 211 3788 *urgi
224 3703 386 3760 utuntur
404 3687 451 3758 ad
470 3689 642 3787 vaginam
661 3687 780 3775 uteri,
799 3688 1002 3784 ipsumque
1020 3686 1114 3759 adeo

119 3821 254 3878 *ectum
286 3807 506 3878 intestinum
527 3804 783 3894 dilatandum,
803 3819 929 3904 posset
959 3802 1115 3878 fortasse

119 3923 289 3996 »rudenti
306 3947 350 3995 ac
368 3924 499 3997 solerti
514 3924 856 3996 instrumentorum
874 3923 1118 4021 excogitaturi

179 4046 215 4129 lt·
901 4038 943 4113 15
