<?xml version="1.0" encoding="UTF-8"?>
<!DOCTYPE html PUBLIC "-//W3C//DTD XHTML 1.0 Transitional//EN"
    "http://www.w3.org/TR/xhtml1/DTD/xhtml1-transitional.dtd">
<html xmlns="http://www.w3.org/1999/xhtml" xml:lang="en" lang="en">
 <head>
  <title>
</title>
<meta http-equiv="Content-Type" content="text/html;charset=utf-8" />
  <meta name='ocr-system' content='tesseract 3.04.00' />
  <meta name='ocr-capabilities' content='ocr_page ocr_carea ocr_par ocr_line ocrx_word'/>
</head>
<body>
  <div class='ocr_page' id='page_1' title='image "./desedibusetcaus00adelgoog_0263.png"; bbox 0 0 2580 4514; ppageno 0'>
   <div class='ocr_carea' id='block_1_1' title="bbox 136 337 974 410">
    <p class='ocr_par' dir='ltr' id='par_1_1' title="bbox 136 337 974 410">
     <span class='ocr_line' id='line_1_1' title="bbox 136 337 974 410; baseline -0.006 0"><span class='ocrx_word' id='word_1_1' title='bbox 136 337 206 410; x_wconf 72' lang='lat'><strong>262</strong></span> <span class='ocrx_word' id='word_1_2' title='bbox 301 358 348 404; x_wconf 80' lang='lat' dir='ltr'><strong>nn</strong></span> <span class='ocrx_word' id='word_1_3' title='bbox 374 356 519 404; x_wconf 70' lang='lat' dir='ltr'><strong>sturnus</strong></span> <span class='ocrx_word' id='word_1_4' title='bbox 543 357 588 402; x_wconf 83' lang='lat' dir='ltr'><strong>nr</strong></span> <span class='ocrx_word' id='word_1_5' title='bbox 612 346 736 403; x_wconf 77' lang='lat' dir='ltr'><strong>cansrs</strong></span> <span class='ocrx_word' id='word_1_6' title='bbox 761 348 974 406; x_wconf 71' lang='lat' dir='ltr'><strong>uonnonmd</strong></span> 
     </span>
    </p>
   </div>
   <div class='ocr_carea' id='block_1_2' title="bbox 135 469 1173 3042">
    <p class='ocr_par' dir='ltr' id='par_1_2' title="bbox 135 469 1118 922">
     <span class='ocr_line' id='line_1_2' title="bbox 135 469 1110 570; baseline 0 -24"><span class='ocrx_word' id='word_1_7' title='bbox 135 475 250 570; x_wconf 88' lang='lat' dir='ltr'><strong>hujus</strong></span> <span class='ocrx_word' id='word_1_8' title='bbox 276 471 397 541; x_wconf 85' lang='lat' dir='ltr'><strong>causis</strong></span> <span class='ocrx_word' id='word_1_9' title='bbox 416 494 510 566; x_wconf 90' lang='lat' dir='ltr'><strong>quas</strong></span> <span class='ocrx_word' id='word_1_10' title='bbox 528 469 646 541; x_wconf 89' lang='lat' dir='ltr'><strong>Salius</strong></span> <span class='ocrx_word' id='word_1_11' title='bbox 663 487 957 562; x_wconf 81' lang='lat' dir='ltr'><strong>commemorat,</strong></span> <span class='ocrx_word' id='word_1_12' title='bbox 976 497 1110 570; x_wconf 76' lang='lat' dir='ltr'><strong>praees</strong></span> 
     </span>
     <span class='ocr_line' id='line_1_3' title="bbox 135 585 1115 664; baseline 0 0"><span class='ocrx_word' id='word_1_13' title='bbox 135 593 224 664; x_wconf 89' lang='lat' dir='ltr'><strong>sisse</strong></span> <span class='ocrx_word' id='word_1_14' title='bbox 243 586 447 661; x_wconf 83' lang='lat' dir='ltr'><strong>constabat.</strong></span> <span class='ocrx_word' id='word_1_15' title='bbox 464 585 536 657; x_wconf 89' lang='lat' dir='ltr'><strong>Sed</strong></span> <span class='ocrx_word' id='word_1_16' title='bbox 555 585 602 657; x_wconf 89' lang='lat' dir='ltr'><strong>de</strong></span> <span class='ocrx_word' id='word_1_17' title='bbox 620 585 732 661; x_wconf 81' lang='lat' dir='ltr'><strong>febre.</strong></span> <span class='ocrx_word' id='word_1_18' title='bbox 750 587 809 659; x_wconf 84' lang='lat' dir='ltr'><strong>an&#39;</strong></span> <span class='ocrx_word' id='word_1_19' title='bbox 821 587 1058 664; x_wconf 82' lang='lat' dir='ltr'><strong>inflammatis</strong></span> <span class='ocrx_word' id='word_1_20' title='bbox 1071 593 1115 663; x_wconf 92' lang='lat' dir='ltr'><strong>in·</strong></span> 
     </span>
     <span class='ocr_line' id='line_1_4' title="bbox 135 703 1118 804; baseline 0 -24"><span class='ocrx_word' id='word_1_21' title='bbox 135 708 300 794; x_wconf 88' lang='lat' dir='ltr'><strong>testinis,</strong></span> <span class='ocrx_word' id='word_1_22' title='bbox 320 703 447 777; x_wconf 88' lang='lat' dir='ltr'><strong>abesse</strong></span> <span class='ocrx_word' id='word_1_23' title='bbox 467 726 743 803; x_wconf 83' lang='lat' dir='ltr'><strong>nonnunquam</strong></span> <span class='ocrx_word' id='word_1_24' title='bbox 765 709 906 804; x_wconf 79' lang='lat' dir='ltr'><strong>possit,</strong></span> <span class='ocrx_word' id='word_1_25' title='bbox 923 733 1054 801; x_wconf 84' lang='lat' dir='ltr'><strong>rursus</strong></span> <span class='ocrx_word' id='word_1_26' title='bbox 1065 712 1118 782; x_wconf 83' lang='lat' dir='ltr'><strong>erit</strong></span> 
     </span>
     <span class='ocr_line' id='line_1_5' title="bbox 135 822 594 922; baseline -0.011 -25"><span class='ocrx_word' id='word_1_27' title='bbox 135 824 225 897; x_wconf 89' lang='lat' dir='ltr'><strong>alibi</strong></span> <span class='ocrx_word' id='word_1_28' title='bbox 241 822 299 922; x_wconf 84' lang='grc' dir='ltr'><strong>(ι)</strong></span> <span class='ocrx_word' id='word_1_29' title='bbox 311 822 463 894; x_wconf 89' lang='lat' dir='ltr'><strong>videndi</strong></span> <span class='ocrx_word' id='word_1_30' title='bbox 477 822 594 894; x_wconf 88' lang='lat' dir='ltr'><strong>locus.</strong></span> 
     </span>
    </p>

    <p class='ocr_par' dir='ltr' id='par_1_3' title="bbox 135 932 1173 3042">
     <span class='ocr_line' id='line_1_6' title="bbox 189 932 1173 1037; baseline 0.002 -24"><span class='ocrx_word' id='word_1_31' title='bbox 189 943 242 1016; x_wconf 81' lang='lat'><strong>13.</strong></span> <span class='ocrx_word' id='word_1_32' title='bbox 276 948 356 1014; x_wconf 88' lang='lat' dir='ltr'><strong>Jam</strong></span> <span class='ocrx_word' id='word_1_33' title='bbox 381 964 471 1011; x_wconf 87' lang='lat' dir='ltr'><strong>vero</strong></span> <span class='ocrx_word' id='word_1_34' title='bbox 492 942 522 1012; x_wconf 92' lang='lat' dir='ltr'><strong>si</strong></span> <span class='ocrx_word' id='word_1_35' title='bbox 548 962 629 1037; x_wconf 88' lang='lat' dir='ltr'><strong>quae</strong></span> <span class='ocrx_word' id='word_1_36' title='bbox 653 938 990 1017; x_wconf 69' lang='lat' dir='ltr'><strong>inflammationem</strong></span> <span class='ocrx_word' id='word_1_37' title='bbox 1008 968 1120 1017; x_wconf 85' lang='lat' dir='ltr'><strong>consc-</strong></span> <span class='ocrx_word' id='word_1_38' title='bbox 1166 932 1173 991; x_wconf 63' lang='grc'><strong>’-</strong></span> 
     </span>
     <span class='ocr_line' id='line_1_7' title="bbox 136 1057 1122 1162; baseline 0.001 -28"><span class='ocrx_word' id='word_1_39' title='bbox 136 1077 307 1162; x_wconf 88' lang='lat' dir='ltr'><strong>quuntur</strong></span> <span class='ocrx_word' id='word_1_40' title='bbox 322 1059 525 1158; x_wconf 83' lang='lat' dir='ltr'><strong>propositis</strong></span> <span class='ocrx_word' id='word_1_41' title='bbox 549 1057 695 1130; x_wconf 90' lang='lat' dir='ltr'><strong>duabus</strong></span> <span class='ocrx_word' id='word_1_42' title='bbox 718 1058 884 1134; x_wconf 87' lang='lat' dir='ltr'><strong>historiis</strong></span> <span class='ocrx_word' id='word_1_43' title='bbox 905 1076 1122 1160; x_wconf 84' lang='lat' dir='ltr'><strong>spectemus,</strong></span> 
     </span>
     <span class='ocr_line' id='line_1_8' title="bbox 135 1174 1123 1281; baseline -0.003 -29"><span class='ocrx_word' id='word_1_44' title='bbox 135 1181 303 1281; x_wconf 91' lang='lat' dir='ltr'><strong>proclive</strong></span> <span class='ocrx_word' id='word_1_45' title='bbox 317 1178 386 1250; x_wconf 89' lang='lat' dir='ltr'><strong>erit</strong></span> <span class='ocrx_word' id='word_1_46' title='bbox 403 1176 612 1274; x_wconf 84' lang='lat' dir='ltr'><strong>intelligere</strong></span> <span class='ocrx_word' id='word_1_47' title='bbox 634 1201 746 1274; x_wconf 91' lang='lat' dir='ltr'><strong>quam</strong></span> <span class='ocrx_word' id='word_1_48' title='bbox 768 1174 943 1249; x_wconf 82' lang='lat' dir='ltr'><strong>festinare</strong></span> <span class='ocrx_word' id='word_1_49' title='bbox 968 1193 1123 1279; x_wconf 81' lang='lat' dir='ltr'><strong>oporteat</strong></span> 
     </span>
     <span class='ocr_line' id='line_1_9' title="bbox 137 1292 1125 1392; baseline -0.003 -20"><span class='ocrx_word' id='word_1_50' title='bbox 137 1321 339 1372; x_wconf 85' lang='lat' dir='ltr'><strong>occurrere</strong></span> <span class='ocrx_word' id='word_1_51' title='bbox 350 1295 519 1366; x_wconf 76' lang='lat' dir='ltr'><strong>volentes</strong></span> <span class='ocrx_word' id='word_1_52' title='bbox 533 1292 621 1363; x_wconf 84' lang='lat' dir='ltr'><strong>hnic</strong></span> <span class='ocrx_word' id='word_1_53' title='bbox 641 1293 798 1382; x_wconf 92' lang='lat' dir='ltr'><strong>morbo,</strong></span> <span class='ocrx_word' id='word_1_54' title='bbox 820 1309 858 1367; x_wconf 91' lang='lat' dir='ltr'><strong>et</strong></span> <span class='ocrx_word' id='word_1_55' title='bbox 880 1318 963 1392; x_wconf 77' lang='lat' dir='ltr'><strong>quae</strong></span> <span class='ocrx_word' id='word_1_56' title='bbox 985 1298 1125 1383; x_wconf 85' lang='lat' dir='ltr'><strong>auxilia,</strong></span> 
     </span>
     <span class='ocr_line' id='line_1_10' title="bbox 136 1410 1127 1511; baseline -0.001 -22"><span class='ocrx_word' id='word_1_57' title='bbox 136 1416 203 1489; x_wconf 89' lang='lat' dir='ltr'><strong>uhi</strong></span> <span class='ocrx_word' id='word_1_58' title='bbox 221 1417 298 1511; x_wconf 82' lang='lat' dir='ltr'><strong>jam</strong></span> <span class='ocrx_word' id='word_1_59' title='bbox 329 1412 490 1484; x_wconf 92' lang='lat' dir='ltr'><strong>multum</strong></span> <span class='ocrx_word' id='word_1_60' title='bbox 519 1412 760 1507; x_wconf 87' lang='lat' dir='ltr'><strong>processerit,</strong></span> <span class='ocrx_word' id='word_1_61' title='bbox 785 1428 955 1511; x_wconf 89' lang='lat' dir='ltr'><strong>suspecta</strong></span> <span class='ocrx_word' id='word_1_62' title='bbox 982 1410 1127 1503; x_wconf 82' lang='lat' dir='ltr'><strong>habere,</strong></span> 
     </span>
     <span class='ocr_line' id='line_1_11' title="bbox 138 1527 1127 1635; baseline 0 -31"><span class='ocrx_word' id='word_1_63' title='bbox 138 1531 272 1635; x_wconf 78' lang='lat' dir='ltr'><strong>globos</strong></span> <span class='ocrx_word' id='word_1_64' title='bbox 299 1544 389 1628; x_wconf 88' lang='lat' dir='ltr'><strong>puta</strong></span> <span class='ocrx_word' id='word_1_65' title='bbox 417 1527 617 1626; x_wconf 91' lang='lat' dir='ltr'><strong>plumbeos</strong></span> <span class='ocrx_word' id='word_1_66' title='bbox 648 1543 685 1600; x_wconf 83' lang='lat' dir='ltr'><strong>et</strong></span> <span class='ocrx_word' id='word_1_67' title='bbox 715 1532 957 1602; x_wconf 88' lang='lat' dir='ltr'><strong>mercurium.</strong></span> <span class='ocrx_word' id='word_1_68' title='bbox 989 1533 1127 1606; x_wconf 82' lang='lat' dir='ltr'><strong>Namsi</strong></span> 
     </span>
     <span class='ocr_line' id='line_1_12' title="bbox 139 1644 1128 1749; baseline -0.001 -26"><span class='ocrx_word' id='word_1_69' title='bbox 139 1649 315 1749; x_wconf 86' lang='lat' dir='ltr'><strong>sphacelo</strong></span> <span class='ocrx_word' id='word_1_70' title='bbox 328 1644 467 1717; x_wconf 79' lang='lat' dir='ltr'><strong>fracida</strong></span> <span class='ocrx_word' id='word_1_71' title='bbox 485 1647 682 1733; x_wconf 87' lang='lat' dir='ltr'><strong>intestina,</strong></span> <span class='ocrx_word' id='word_1_72' title='bbox 702 1661 744 1717; x_wconf 90' lang='lat' dir='ltr'><strong>ut</strong></span> <span class='ocrx_word' id='word_1_73' title='bbox 761 1647 798 1716; x_wconf 93' lang='lat' dir='ltr'><strong>in</strong></span> <span class='ocrx_word' id='word_1_74' title='bbox 809 1648 953 1743; x_wconf 88' lang='lat' dir='ltr'><strong>juvene</strong></span> <span class='ocrx_word' id='word_1_75' title='bbox 966 1649 1033 1721; x_wconf 89' lang='lat' dir='ltr'><strong>illo</strong></span> <span class='ocrx_word' id='word_1_76' title='bbox 1048 1652 1128 1749; x_wconf 81' lang='lat' dir='ltr'><strong>agri·</strong></span> 
     </span>
     <span class='ocr_line' id='line_1_13' title="bbox 138 1763 1129 1866; baseline 0 -27"><span class='ocrx_word' id='word_1_77' title='bbox 138 1769 219 1840; x_wconf 91' lang='lat' dir='ltr'><strong>oola</strong></span> <span class='ocrx_word' id='word_1_78' title='bbox 236 1766 310 1866; x_wconf 79' lang='lat' dir='ltr'><strong>(a),</strong></span> <span class='ocrx_word' id='word_1_79' title='bbox 326 1791 374 1837; x_wconf 91' lang='lat' dir='ltr'><strong>ne</strong></span> <span class='ocrx_word' id='word_1_80' title='bbox 390 1765 550 1836; x_wconf 82' lang='lat' dir='ltr'><strong>materiae</strong></span> <span class='ocrx_word' id='word_1_81' title='bbox 567 1763 721 1860; x_wconf 91' lang='lat' dir='ltr'><strong>quidem</strong></span> <span class='ocrx_word' id='word_1_82' title='bbox 735 1766 912 1838; x_wconf 86' lang='lat' dir='ltr'><strong>resistunt</strong></span> <span class='ocrx_word' id='word_1_83' title='bbox 924 1793 1041 1865; x_wconf 88' lang='lat' dir='ltr'><strong>quam</strong></span> <span class='ocrx_word' id='word_1_84' title='bbox 1054 1792 1129 1841; x_wconf 91' lang='lat' dir='ltr'><strong>con·</strong></span> 
     </span>
     <span class='ocr_line' id='line_1_14' title="bbox 139 1882 1129 1988; baseline 0.002 -30"><span class='ocrx_word' id='word_1_85' title='bbox 139 1889 262 1958; x_wconf 85' lang='lat' dir='ltr'><strong>tinent</strong></span> <span class='ocrx_word' id='word_1_86' title='bbox 279 1911 287 1953; x_wconf 76' lang='grc' dir='ltr'><strong><em>ε</em></strong></span> <span class='ocrx_word' id='word_1_87' title='bbox 312 1883 522 1956; x_wconf 84' lang='lat' dir='ltr'><strong>cavendum</strong></span> <span class='ocrx_word' id='word_1_88' title='bbox 539 1882 613 1953; x_wconf 91' lang='lat' dir='ltr'><strong>hoc</strong></span> <span class='ocrx_word' id='word_1_89' title='bbox 632 1884 755 1980; x_wconf 89' lang='lat' dir='ltr'><strong>ipsum</strong></span> <span class='ocrx_word' id='word_1_90' title='bbox 770 1899 844 1971; x_wconf 85' lang='lat' dir='ltr'><strong>est,</strong></span> <span class='ocrx_word' id='word_1_91' title='bbox 859 1909 907 1956; x_wconf 88' lang='lat' dir='ltr'><strong>ne</strong></span> <span class='ocrx_word' id='word_1_92' title='bbox 924 1889 1129 1988; x_wconf 81' lang='lat' dir='ltr'><strong>assumptis,</strong></span> 
     </span>
     <span class='ocr_line' id='line_1_15' title="bbox 139 2001 1130 2104; baseline 0.001 -30"><span class='ocrx_word' id='word_1_93' title='bbox 139 2005 211 2076; x_wconf 88' lang='lat' dir='ltr'><strong>nisi</strong></span> <span class='ocrx_word' id='word_1_94' title='bbox 242 2018 429 2101; x_wconf 89' lang='lat' dir='ltr'><strong>quantum</strong></span> <span class='ocrx_word' id='word_1_95' title='bbox 459 2001 659 2072; x_wconf 86' lang='lat' dir='ltr'><strong>necessitas</strong></span> <span class='ocrx_word' id='word_1_96' title='bbox 690 2016 835 2099; x_wconf 82' lang='lat' dir='ltr'><strong>cogat,</strong></span> <span class='ocrx_word' id='word_1_97' title='bbox 854 2001 915 2073; x_wconf 91' lang='lat' dir='ltr'><strong>illa</strong></span> <span class='ocrx_word' id='word_1_98' title='bbox 943 2021 1130 2104; x_wconf 81' lang='lat' dir='ltr'><strong>augeatur,</strong></span> 
     </span>
     <span class='ocr_line' id='line_1_16' title="bbox 140 2118 1129 2217; baseline 0.001 -24"><span class='ocrx_word' id='word_1_99' title='bbox 140 2147 219 2193; x_wconf 90' lang='lat' dir='ltr'><strong>non</strong></span> <span class='ocrx_word' id='word_1_100' title='bbox 235 2121 351 2192; x_wconf 94' lang='lat' dir='ltr'><strong>modo</strong></span> <span class='ocrx_word' id='word_1_101' title='bbox 365 2144 413 2192; x_wconf 90' lang='lat' dir='ltr'><strong>ne</strong></span> <span class='ocrx_word' id='word_1_102' title='bbox 429 2118 546 2190; x_wconf 44' lang='lat' dir='ltr'><strong>rebus*</strong></span> <span class='ocrx_word' id='word_1_103' title='bbox 556 2121 780 2216; x_wconf 84' lang='lat' dir='ltr'><strong>gravissimis</strong></span> <span class='ocrx_word' id='word_1_104' title='bbox 800 2118 1017 2217; x_wconf 84' lang='lat' dir='ltr'><strong>deglutitis,</strong></span> <span class='ocrx_word' id='word_1_105' title='bbox 1034 2125 1129 2195; x_wconf 82' lang='lat' dir='ltr'><strong>aliam</strong></span> 
     </span>
     <span class='ocr_line' id='line_1_17' title="bbox 140 2237 1132 2339; baseline 0 -28"><span class='ocrx_word' id='word_1_106' title='bbox 140 2262 252 2339; x_wconf 88' lang='lat' dir='ltr'><strong>quam</strong></span> <span class='ocrx_word' id='word_1_107' title='bbox 284 2264 366 2337; x_wconf 88' lang='lat' dir='ltr'><strong>quae</strong></span> <span class='ocrx_word' id='word_1_108' title='bbox 394 2251 607 2336; x_wconf 85' lang='lat' dir='ltr'><strong>oporteret,</strong></span> <span class='ocrx_word' id='word_1_109' title='bbox 628 2239 725 2307; x_wconf 84' lang='lat' dir='ltr'><strong>viam</strong></span> <span class='ocrx_word' id='word_1_110' title='bbox 755 2237 986 2333; x_wconf 85' lang='lat' dir='ltr'><strong>aperientes,</strong></span> <span class='ocrx_word' id='word_1_111' title='bbox 1016 2241 1132 2313; x_wconf 89' lang='lat' dir='ltr'><strong>interi-</strong></span> 
     </span>
     <span class='ocr_line' id='line_1_18' title="bbox 138 2352 1134 2444; baseline 0.001 -17"><span class='ocrx_word' id='word_1_112' title='bbox 138 2372 220 2427; x_wconf 91' lang='lat' dir='ltr'><strong>tum</strong></span> <span class='ocrx_word' id='word_1_113' title='bbox 233 2355 495 2426; x_wconf 87' lang='lat' dir='ltr'><strong>acceleremus.</strong></span> <span class='ocrx_word' id='word_1_114' title='bbox 512 2352 623 2444; x_wconf 84' lang='lat' dir='ltr'><strong>Quod</strong></span> <span class='ocrx_word' id='word_1_115' title='bbox 638 2353 758 2425; x_wconf 92' lang='lat' dir='ltr'><strong>multo</strong></span> <span class='ocrx_word' id='word_1_116' title='bbox 771 2354 825 2425; x_wconf 90' lang='lat' dir='ltr'><strong>ibi</strong></span> <span class='ocrx_word' id='word_1_117' title='bbox 838 2352 982 2426; x_wconf 86' lang='lat' dir='ltr'><strong>facilius</strong></span> <span class='ocrx_word' id='word_1_118' title='bbox 998 2355 1134 2443; x_wconf 81' lang='lat' dir='ltr'><strong>accidit,</strong></span> 
     </span>
     <span class='ocr_line' id='line_1_19' title="bbox 141 2472 1135 2570; baseline 0 -24"><span class='ocrx_word' id='word_1_119' title='bbox 141 2474 207 2546; x_wconf 91' lang='lat' dir='ltr'><strong>ubi</strong></span> <span class='ocrx_word' id='word_1_120' title='bbox 223 2498 266 2546; x_wconf 91' lang='lat' dir='ltr'><strong>ea</strong></span> <span class='ocrx_word' id='word_1_121' title='bbox 290 2472 400 2545; x_wconf 91' lang='lat' dir='ltr'><strong>simul</strong></span> <span class='ocrx_word' id='word_1_122' title='bbox 422 2473 640 2544; x_wconf 86' lang='lat' dir='ltr'><strong>constrictio</strong></span> <span class='ocrx_word' id='word_1_123' title='bbox 667 2487 721 2544; x_wconf 88' lang='lat' dir='ltr'><strong>est</strong></span> <span class='ocrx_word' id='word_1_124' title='bbox 742 2496 825 2570; x_wconf 85' lang='lat' dir='ltr'><strong>quae</strong></span> <span class='ocrx_word' id='word_1_125' title='bbox 843 2473 958 2560; x_wconf 88' lang='lat' dir='ltr'><strong>nihil,</strong></span> <span class='ocrx_word' id='word_1_126' title='bbox 985 2475 1061 2546; x_wconf 87' lang='lat' dir='ltr'><strong>nisi</strong></span> <span class='ocrx_word' id='word_1_127' title='bbox 1084 2499 1135 2546; x_wconf 76' lang='lat' dir='ltr'><strong>re-</strong></span> 
     </span>
     <span class='ocr_line' id='line_1_20' title="bbox 140 2588 1136 2705; baseline -0.003 -41"><span class='ocrx_word' id='word_1_128' title='bbox 140 2592 263 2705; x_wconf 82' lang='lat' dir='ltr'><strong>posito</strong></span> <span class='ocrx_word' id='word_1_129' title='bbox 297 2591 501 2677; x_wconf 86' lang='lat' dir='ltr'><strong>intestino,</strong></span> <span class='ocrx_word' id='word_1_130' title='bbox 537 2591 695 2661; x_wconf 88' lang='lat' dir='ltr'><strong>transire</strong></span> <span class='ocrx_word' id='word_1_131' title='bbox 723 2592 828 2662; x_wconf 89' lang='lat' dir='ltr'><strong>sinat.</strong></span> <span class='ocrx_word' id='word_1_132' title='bbox 867 2588 1007 2661; x_wconf 88' lang='lat' dir='ltr'><strong>Eadem</strong></span> <span class='ocrx_word' id='word_1_133' title='bbox 1045 2593 1136 2663; x_wconf 91' lang='lat' dir='ltr'><strong>enim</strong></span> 
     </span>
     <span class='ocr_line' id='line_1_21' title="bbox 141 2708 1135 2806; baseline -0.002 -25"><span class='ocrx_word' id='word_1_134' title='bbox 141 2709 357 2781; x_wconf 86' lang='lat' dir='ltr'><strong>constrictio</strong></span> <span class='ocrx_word' id='word_1_135' title='bbox 381 2724 464 2779; x_wconf 89' lang='lat' dir='ltr'><strong>tum</strong></span> <span class='ocrx_word' id='word_1_136' title='bbox 486 2709 700 2806; x_wconf 85' lang='lat' dir='ltr'><strong>proximum</strong></span> <span class='ocrx_word' id='word_1_137' title='bbox 730 2710 900 2805; x_wconf 82' lang='lat' dir='ltr'><strong>superius</strong></span> <span class='ocrx_word' id='word_1_138' title='bbox 921 2708 1135 2780; x_wconf 86' lang='lat' dir='ltr'><strong>intestinum</strong></span> 
     </span>
     <span class='ocr_line' id='line_1_22' title="bbox 138 2825 1136 2926; baseline 0.003 -31"><span class='ocrx_word' id='word_1_139' title='bbox 138 2827 325 2914; x_wconf 88' lang='lat' dir='ltr'><strong>vitiando,</strong></span> <span class='ocrx_word' id='word_1_140' title='bbox 351 2828 474 2926; x_wconf 89' lang='lat' dir='ltr'><strong>impar</strong></span> <span class='ocrx_word' id='word_1_141' title='bbox 502 2825 627 2898; x_wconf 84' lang='lat' dir='ltr'><strong>reddit</strong></span> <span class='ocrx_word' id='word_1_142' title='bbox 662 2826 883 2898; x_wconf 87' lang='lat' dir='ltr'><strong>distentioni</strong></span> <span class='ocrx_word' id='word_1_143' title='bbox 911 2839 949 2897; x_wconf 91' lang='lat' dir='ltr'><strong>et</strong></span> <span class='ocrx_word' id='word_1_144' title='bbox 978 2827 1136 2923; x_wconf 88' lang='lat' dir='ltr'><strong>ponderi</strong></span> 
     </span>
     <span class='ocr_line' id='line_1_23' title="bbox 140 2931 1137 3042; baseline -0.001 -26"><span class='ocrx_word' id='word_1_145' title='bbox 140 2942 382 3038; x_wconf 81' lang='lat' dir='ltr'><strong>sustinendo,</strong></span> <span class='ocrx_word' id='word_1_146' title='bbox 399 2931 479 3015; x_wconf 77' lang='lat' dir='ltr'><strong>tum</strong></span> <span class='ocrx_word' id='word_1_147' title='bbox 497 2969 579 3042; x_wconf 84' lang='lat' dir='ltr'><strong>quae</strong></span> <span class='ocrx_word' id='word_1_148' title='bbox 591 2945 683 3016; x_wconf 90' lang='lat' dir='ltr'><strong>illud</strong></span> <span class='ocrx_word' id='word_1_149' title='bbox 698 2944 912 3017; x_wconf 89' lang='lat' dir='ltr'><strong>distendant</strong></span> <span class='ocrx_word' id='word_1_150' title='bbox 922 2958 960 3014; x_wconf 85' lang='lat' dir='ltr'><strong>et</strong></span> <span class='ocrx_word' id='word_1_151' title='bbox 975 2958 1137 3042; x_wconf 84' lang='lat' dir='ltr'><strong>gravent,</strong></span> 
     </span>
    </p>
   </div>
   <div class='ocr_carea' id='block_1_3' title="bbox 5 3060 1136 3392">
    <p class='ocr_par' dir='ltr' id='par_1_4' title="bbox 5 3060 1136 3392">
     <span class='ocr_line' id='line_1_24' title="bbox 5 3060 1136 3167; baseline 0 -36"><span class='ocrx_word' id='word_1_152' title='bbox 5 3154 9 3167; x_wconf 33' lang='lat'><strong><em>¹</em></strong></span> <span class='ocrx_word' id='word_1_153' title='bbox 45 3068 48 3072; x_wconf 77' lang='grc'><strong>’</strong></span> <span class='ocrx_word' id='word_1_154' title='bbox 141 3083 186 3131; x_wconf 85' lang='lat' dir='ltr'><strong>eo</strong></span> <span class='ocrx_word' id='word_1_155' title='bbox 203 3063 286 3158; x_wconf 91' lang='lat' dir='ltr'><strong>ipso</strong></span> <span class='ocrx_word' id='word_1_156' title='bbox 305 3063 344 3130; x_wconf 91' lang='lat' dir='ltr'><strong>in</strong></span> <span class='ocrx_word' id='word_1_157' title='bbox 364 3062 449 3132; x_wconf 92' lang='lat' dir='ltr'><strong>loco</strong></span> <span class='ocrx_word' id='word_1_158' title='bbox 465 3063 776 3152; x_wconf 90' lang='lat' dir='ltr'><strong>remoratur,ubi</strong></span> <span class='ocrx_word' id='word_1_159' title='bbox 793 3061 1012 3133; x_wconf 89' lang='lat' dir='ltr'><strong>intestinum</strong></span> <span class='ocrx_word' id='word_1_160' title='bbox 1031 3060 1136 3131; x_wconf 82' lang='lat' dir='ltr'><strong>maxi·</strong></span> 
     </span>
     <span class='ocr_line' id='line_1_25' title="bbox 140 3175 1135 3278; baseline 0.003 -33"><span class='ocrx_word' id='word_1_161' title='bbox 140 3200 199 3246; x_wconf 89' lang='lat' dir='ltr'><strong>me</strong></span> <span class='ocrx_word' id='word_1_162' title='bbox 216 3176 409 3248; x_wconf 86' lang='lat' dir='ltr'><strong>infirmum</strong></span> <span class='ocrx_word' id='word_1_163' title='bbox 432 3188 500 3252; x_wconf 77' lang='lat' dir='ltr'><strong>est.</strong></span> <span class='ocrx_word' id='word_1_164' title='bbox 525 3185 571 3253; x_wconf 87' lang='lat' dir='ltr'><strong>At</strong></span> <span class='ocrx_word' id='word_1_165' title='bbox 598 3185 721 3268; x_wconf 83' lang='lat' dir='ltr'><strong>enim,</strong></span> <span class='ocrx_word' id='word_1_166' title='bbox 749 3182 920 3278; x_wconf 82' lang='lat' dir='ltr'><strong>inquies,</strong></span> <span class='ocrx_word' id='word_1_167' title='bbox 947 3175 1135 3256; x_wconf 84' lang='lat' dir='ltr'><strong>Hoffman-</strong></span> 
     </span>
     <span class='ocr_line' id='line_1_26' title="bbox 140 3284 1135 3392; baseline 0.004 -29"><span class='ocrx_word' id='word_1_168' title='bbox 140 3314 213 3364; x_wconf 86' lang='lat' dir='ltr'><strong>nus</strong></span> <span class='ocrx_word' id='word_1_169' title='bbox 230 3293 288 3391; x_wconf 86' lang='lat'><strong>(3)</strong></span> <span class='ocrx_word' id='word_1_170' title='bbox 307 3309 430 3365; x_wconf 88' lang='lat' dir='ltr'><strong>tamen</strong></span> <span class='ocrx_word' id='word_1_171' title='bbox 448 3299 487 3367; x_wconf 91' lang='lat' dir='ltr'><strong>in</strong></span> <span class='ocrx_word' id='word_1_172' title='bbox 502 3300 655 3371; x_wconf 83' lang='lat' dir='ltr'><strong>volvulo</strong></span> <span class='ocrx_word' id='word_1_173' title='bbox 676 3322 720 3372; x_wconf 85' lang='lat' dir='ltr'><strong>ex</strong></span> <span class='ocrx_word' id='word_1_174' title='bbox 735 3301 948 3392; x_wconf 86' lang='lat' dir='ltr'><strong>intercepto</strong></span> <span class='ocrx_word' id='word_1_175' title='bbox 969 3296 1008 3365; x_wconf 89' lang='lat' dir='ltr'><strong>in</strong></span> <span class='ocrx_word' id='word_1_176' title='bbox 1024 3284 1135 3367; x_wconf 82' lang='lat' dir='ltr'><strong>bubo·</strong></span> 
     </span>
    </p>
   </div>
   <div class='ocr_carea' id='block_1_4' title="bbox 138 3395 1133 3632">
    <p class='ocr_par' dir='ltr' id='par_1_5' title="bbox 138 3395 1133 3632">
     <span class='ocr_line' id='line_1_27' title="bbox 139 3395 1133 3489; baseline 0.006 -10"><span class='ocrx_word' id='word_1_177' title='bbox 139 3413 272 3482; x_wconf 86' lang='lat' dir='ltr'><strong>nocele</strong></span> <span class='ocrx_word' id='word_1_178' title='bbox 294 3413 472 3485; x_wconf 86' lang='lat' dir='ltr'><strong>intestino</strong></span> <span class='ocrx_word' id='word_1_179' title='bbox 496 3395 670 3489; x_wconf 85' lang='lat' dir='ltr'><strong>feminam</strong></span> <span class='ocrx_word' id='word_1_180' title='bbox 703 3416 863 3489; x_wconf 81' lang='lat' dir='ltr'><strong>servavit</strong></span> <span class='ocrx_word' id='word_1_181' title='bbox 886 3413 975 3482; x_wconf 80' lang='lat' dir='ltr'><strong>dato</strong></span> <span class='ocrx_word' id='word_1_182' title='bbox 993 3413 1040 3484; x_wconf 90' lang='lat' dir='ltr'><strong>ad</strong></span> <span class='ocrx_word' id='word_1_183' title='bbox 1059 3409 1133 3485; x_wconf 78' lang='lat' dir='ltr'><strong>sell-</strong></span> 
     </span>
     <span class='ocr_line' id='line_1_28' title="bbox 138 3518 1132 3632; baseline 0.002 -41"><span class='ocrx_word' id='word_1_184' title='bbox 138 3518 247 3592; x_wconf 85' lang='lat' dir='ltr'><strong>bram</strong></span> <span class='ocrx_word' id='word_1_185' title='bbox 264 3540 420 3619; x_wconf 86' lang='lat' dir='ltr'><strong>argento</strong></span> <span class='ocrx_word' id='word_1_186' title='bbox 439 3531 545 3622; x_wconf 88' lang='lat' dir='ltr'><strong>vivo;</strong></span> <span class='ocrx_word' id='word_1_187' title='bbox 566 3556 781 3632; x_wconf 80' lang='lat' dir='ltr'><strong>quanquam</strong></span> <span class='ocrx_word' id='word_1_188' title='bbox 804 3551 882 3596; x_wconf 91' lang='lat' dir='ltr'><strong>uon</strong></span> <span class='ocrx_word' id='word_1_189' title='bbox 903 3524 1043 3596; x_wconf 86' lang='lat' dir='ltr'><strong>desunt</strong></span> <span class='ocrx_word' id='word_1_190' title='bbox 1058 3520 1132 3620; x_wconf 77' lang='lat' dir='ltr'><strong>qui·</strong></span> 
     </span>
    </p>
   </div>
   <div class='ocr_carea' id='block_1_5' title="bbox 103 3738 930 4019">
    <p class='ocr_par' dir='ltr' id='par_1_6' title="bbox 103 3738 930 4019">
     <span class='ocr_line' id='line_1_29' title="bbox 103 3738 513 3817; baseline 0.01 -23"><span class='ocrx_word' id='word_1_191' title='bbox 103 3774 107 3782; x_wconf 93' lang='lat'><em>·</em></span> <span class='ocrx_word' id='word_1_192' title='bbox 179 3738 223 3817; x_wconf 90' lang='lat'><strong>(1)</strong></span> <span class='ocrx_word' id='word_1_193' title='bbox 243 3740 337 3815; x_wconf 84' lang='lat' dir='ltr'><strong>Epist.</strong></span> <span class='ocrx_word' id='word_1_194' title='bbox 353 3740 406 3812; x_wconf 81' lang='lat'><strong>35,</strong></span> <span class='ocrx_word' id='word_1_195' title='bbox 421 3762 450 3797; x_wconf 88' lang='lat' dir='ltr'><strong>u.</strong></span> <span class='ocrx_word' id='word_1_196' title='bbox 466 3760 513 3798; x_wconf 82' lang='lat' dir='ltr'><strong>ao.</strong></span> 
     </span>
     <span class='ocr_line' id='line_1_30' title="bbox 179 3840 333 3919; baseline -0.006 -22"><span class='ocrx_word' id='word_1_197' title='bbox 179 3840 223 3919; x_wconf 81' lang='lat' dir='ltr'><strong>(a)</strong></span> <span class='ocrx_word' id='word_1_198' title='bbox 247 3846 281 3897; x_wconf 82' lang='grc' dir='ltr'><strong>Ν.</strong></span> <span class='ocrx_word' id='word_1_199' title='bbox 304 3861 333 3915; x_wconf 80' lang='lat'><strong>9.</strong></span> 
     </span>
     <span class='ocr_line' id='line_1_31' title="bbox 178 3941 930 4019; baseline 0 -19"><span class='ocrx_word' id='word_1_200' title='bbox 178 3941 222 4019; x_wconf 79' lang='lat'><strong>(3)</strong></span> <span class='ocrx_word' id='word_1_201' title='bbox 244 3942 352 3999; x_wconf 84' lang='lat' dir='ltr'><strong>Medic.</strong></span> <span class='ocrx_word' id='word_1_202' title='bbox 363 3952 421 4000; x_wconf 80' lang='lat' dir='ltr'><strong>rat.</strong></span> <span class='ocrx_word' id='word_1_203' title='bbox 434 3947 457 3998; x_wconf 84' lang='lat' dir='ltr'><strong>t.</strong></span> <span class='ocrx_word' id='word_1_204' title='bbox 474 3948 504 4015; x_wconf 76' lang='lat' dir='ltr'><strong>t,</strong></span> <span class='ocrx_word' id='word_1_205' title='bbox 519 3961 550 4018; x_wconf 91' lang='lat' dir='ltr'><strong>p.</strong></span> <span class='ocrx_word' id='word_1_206' title='bbox 567 3961 602 4016; x_wconf 86' lang='lat' dir='ltr'><strong>a,</strong></span> <span class='ocrx_word' id='word_1_207' title='bbox 615 3961 638 4000; x_wconf 87' lang='lat' dir='ltr'><strong>s.</strong></span> <span class='ocrx_word' id='word_1_208' title='bbox 652 3962 687 4016; x_wconf 83' lang='lat' dir='ltr'><strong>a,</strong></span> <span class='ocrx_word' id='word_1_209' title='bbox 700 3963 726 4000; x_wconf 90' lang='lat' dir='ltr'><strong>c.</strong></span> <span class='ocrx_word' id='word_1_210' title='bbox 742 3949 776 4016; x_wconf 74' lang='lat' dir='ltr'><strong>t,</strong></span> <span class='ocrx_word' id='word_1_211' title='bbox 789 3943 855 4002; x_wconf 85' lang='lat' dir='ltr'><strong>obs.</strong></span> <span class='ocrx_word' id='word_1_212' title='bbox 871 3944 898 4000; x_wconf 84' lang='lat'><strong>3.</strong></span> <span class='ocrx_word' id='word_1_213' title='bbox 927 3973 930 3982; x_wconf 93' lang='lat'>·</span> 
     </span>
    </p>
   </div>
   <div class='ocr_carea' id='block_1_6' title="bbox 0 0 1304 4514">
    <p class='ocr_par' dir='ltr' id='par_1_7' title="bbox 0 0 1304 4514">
     <span class='ocr_line' id='line_1_32' title="bbox 0 0 1304 4514; baseline 0 0"><span class='ocrx_word' id='word_1_214' title='bbox 0 0 1304 4514; x_wconf 95' lang='lat' dir='ltr'><strong> </strong></span> 
     </span>
    </p>
   </div>
  </div>
 </body>
</html>
