2580 4514
130 334 223 415 550-
288 367 333 411 nn
360 364 505 411 SEDIBUS
531 365 574 411 rr
600 360 724 412 causis
751 361 965 417 aronnonnu

125 485 164 552 in
187 481 303 551 altero
324 503 457 576 parum
481 494 544 549 aut
563 478 658 550 nihil
688 478 737 550 ab
761 482 929 554 naturali
953 484 1115 555 constitu·

126 602 230 671 tione
256 596 465 668 recedebat.
483 597 616 669 Cordis
637 600 872 672 ventriculus
902 600 1034 673 dexter
1049 624 1118 673 curu

125 715 246 786 multo
262 730 440 787 concreto
464 717 644 812 sanguine
673 720 962 790 concretionem
983 743 1121 818 quoque

126 833 258 903 habuit
269 834 488 930 polyposam
501 832 607 931 digiti
624 834 890 923 crassitudine,
907 858 992 934 quae
1005 852 1082 908 tum
1092 835 1121 908 in

125 975 258 1020 venam
294 974 441 1038 cavam,
477 966 555 1021 tum
585 951 625 1022 in
661 953 835 1023 arteriam
863 942 1120 1051 pulmonarem

126 1070 415 1172 producebatur.
434 1077 476 1142 In
497 1073 648 1144 sinistro
673 1074 909 1170 ejuscemodi
930 1079 1123 1151 concretio·

124 1191 183 1261 nis
197 1188 461 1290 tantummodo
477 1189 784 1262 inchoamentum
796 1196 988 1290 apparuit.

177 1306 207 1379 5.
235 1312 327 1379 Uter
349 1308 577 1404 praecesserit
594 1307 763 1407 hydrops
786 1309 975 1382 thoracis‘
984 1338 1034 1384 an
1052 1339 1124 1384 ven·

126 1427 209 1510 tris,
229 1451 308 1497 non
328 1441 383 1496 est
402 1423 507 1496 facile
524 1427 563 1495 in
578 1425 763 1522 ejusmodi
782 1427 956 1502 historiis
973 1455 1122 1528 pronun·

126 1546 234 1616 ciare.
254 1549 298 1613 In
309 1543 379 1613 hac
394 1562 540 1628 tamen,
560 1546 754 1642 sipropter
773 1544 873 1617 illius
892 1546 1124 1647 depravatori

126 1661 220 1733 adeo
250 1676 495 1750 structuram,
523 1661 647 1760 ipsum
674 1686 828 1758 quoque
852 1665 951 1736 velis
970 1669 1119 1764 primun

128 1802 263 1881 aquam
282 1778 497 1875 collegisse,
520 1802 599 1848 non
619 1778 850 1893 repugnabo.
874 1786 1062 1856 Caeterum
1081 1785 1120 1856 ob

126 1893 295 1966 eamdem
324 1908 547 1966 structuram
579 1895 642 1966 illa
671 1896 847 1970 accidisse
880 1901 1120 1988 crediderim,

127 2036 209 2111 quae
223 2026 353 2083 contra
371 2039 413 2083 ac
430 2012 512 2084 fieri
530 2014 642 2098 solet,
660 2015 699 2084 in
720 2014 789 2084 hac
807 2013 952 2088 femina
968 2018 1120 2092 observa

125 2149 161 2204 ta
178 2146 287 2220 sunt,
305 2146 346 2200 ut
363 2127 550 2203 difficilius
576 2131 731 2229 spiraret
752 2133 792 2202 in
813 2133 853 2204 id
872 2134 975 2209 latus
993 2137 1118 2209 cubans

2 2294 9 2303 -
38 2283 40 2287 ·
125 2252 164 2320 in
193 2276 269 2347 qno
301 2249 432 2347 pulmo
463 2263 632 2334 tumens,
653 2265 690 2320 et
708 2249 872 2347 plurima
902 2276 1006 2351 aqua
1034 2271 1119 2333 erat,

126 2385 242 2466 utque
273 2369 312 2436 in
341 2368 437 2439 lecto
464 2367 684 2457 considens,
712 2370 1000 2466 propemodum
1021 2370 1120 2446 suffo-

126 2501 281 2556 caretur.

174 2604 207 2675 6.
229 2602 371 2676 Vetulae
392 2603 505 2700 coepit
525 2615 707 2674 autumno
730 2604 987 2678 intumescere
999 2631 1122 2705 corpus

124 2724 360 2808 universum,
384 2721 582 2819 respiratio
603 2717 684 2793 lieri
710 2718 876 2794 difficilis
897 2740 936 2794 et
959 2725 1038 2797 sitis
1056 2748 1123 2796 mo*

124 2840 223 2913 lesta.
247 2838 302 2910 Ad
324 2839 425 2925 haec,
455 2840 526 2910 nisi
546 2839 649 2935 quod
675 2839 753 2910 sitis
775 2838 845 2910 sub
866 2838 987 2913 finem
1010 2843 1122 2949 desiit,

123 2960 277 3030 accessit
294 2958 404 3029 tussis
422 2981 508 3026 cum
528 2958 647 3054 sputis
665 2956 884 3029 catarrhalis
896 2962 1079 3044 materiae,
1095 2973 1124 3031 et

11 3062 13 3065 ⁵
123 3073 284 3147 difficilis
303 3077 342 3145 in
360 3076 552 3146 sinistrum
570 3071 665 3146 latus
688 3073 906 3162 decubitus‚
922 3095 968 3149 ut
983 3093 1123 3177 propte

121 3217 185 3264 rea
214 3195 253 3261 in
275 3192 471 3263 dexterum
499 3190 575 3271 fere
604 3217 753 3290 semper
780 3191 969 3267 cubaret:
992 3197 1031 3265 in
1056 3218 1121 3293 quo

121 3309 301 3383 decubitu
322 3325 358 3380 et
383 3324 531 3381 mortua
552 3326 606 3382 est
621 3344 645 3396 ,.·
659 3335 744 3382 cum
765 3309 900 3407 pulsus
921 3313 1003 3408 jam
1032 3338 1069 3386 se
1089 3336 1121 3383 se

118 3431 212 3502 adeo
231 3429 522 3516 contraxissent,
547 3429 610 3497 vix
633 3443 675 3501 ut
698 3426 859 3526 amplius
886 3433 1121 3530 perciperen-

118 3565 189 3620 tur.
247 3576 251 3585 ’

166 3667 364 3740 Cadaveris
383 3666 476 3738 cutis
496 3681 532 3736 et
548 3665 710 3737 musculi
733 3663 826 3737 dum
847 3666 1119 3753 inciderentur,

116 3812 241 3860 serum
267 3785 441 3858 manabat
463 3784 636 3855 multum.
657 3787 788 3854 Serum
817 3784 934 3856 etiam
959 3803 1119 3859 ventrem

114 3900 313 4005 implebat,
329 3905 394 4002 qui
413 3905 578 4004 ingenti,
599 3901 663 3976 sed
688 3917 814 3982 tamen
845 3903 955 3977 molli
981 3922 1120 3979 tumore
