2580 4514
159 324 229 423 278
321 350 368 397 nr.
394 342 540 395 sautans
563 350 608 397 nr
632 346 757 397 cauus
782 351 992 401 uoanouuu

156 488 238 563 quae
270 460 477 558 aliquando
496 484 728 535 evanescere
755 462 964 539 videbatur.
995 470 1034 539 Is
1063 470 1145 546 cirta

157 580 323 656 medium
341 578 516 653 martium
528 579 616 648 anni
637 579 860 676 1706,nulia
876 564 1013 680 praevia
1031 608 1145 675 causa,

157 699 231 771 nisi
254 694 350 769 forte
377 690 481 792 quod
506 712 591 793 post
615 696 826 772 mediocres
842 712 1085 798 tempestates
1099 728 1146 777 re-

156 831 271 916 pente
287 816 480 911 ingruerat
502 815 631 887 nivosa
646 813 747 902 dies,
763 818 909 893 ventris
924 816 1061 895 dolore
1075 844 1146 918 pre·

156 936 297 1009 bensus
313 945 390 1019 est,
418 956 513 1028 vago
533 932 707 1030 quidem,
733 933 798 1005 sed
825 932 994 1023 acerbo,
1018 938 1146 1036 quasia

157 1051 334 1140 canibus,
348 1052 399 1125 sic
411 1051 513 1123 enim
530 1048 673 1138 aiebat,
689 1049 937 1127 morderetur.
955 1055 1035 1144 Qui
1052 1054 1147 1127 dolor

155 1172 247 1260 etsi,
266 1170 387 1241 ventri
404 1169 532 1241 nescio
552 1192 628 1265 qua
653 1168 872 1241 iuunetioue
895 1169 1147 1259 adhibitura-

154 1290 303 1367 mittero
324 1290 424 1359 visus
440 1299 517 1373 est3
533 1284 725 1361 recruduit
740 1300 890 1374 tamen,
903 1311 976 1363 uec
991 1314 1148 1388 uuquam

153 1423 283 1507 postea
300 1421 356 1477 est
377 1405 608 1475 imminutus.
628 1403 688 1475 Ob
707 1403 811 1476 bunc
829 1429 914 1477 eum
934 1406 975 1479 in
1001 1407 1149 1481 nosoco

154 1527 274 1597 mium
293 1524 417 1595 illatus
431 1536 526 1594 esset
540 1524 574 1593 S.
593 1522 719 1597 Maria
740 1521 787 1593 de
807 1538 928 1596 morte
956 1542 1065 1601 sexto
1084 1527 1149 1623 jan

152 1644 280 1717 morbi
294 1640 375 1728 die,
391 1664 470 1713 non
492 1638 701 1713 calentibus
716 1639 870 1737 quidem
885 1642 1081 1734 carnibus,
1089 1668 1149 1717 nee

84 1834 89 1843 ,
152 1761 265 1859 pulsu
286 1757 394 1831 valde
421 1755 632 1855 frequenti,
651 1757 715 1828 sed
733 1782 850 1856 parvo
872 1773 1023 1850 tamen,
1041 1776 1079 1835 et
1094 1761 1148 1861 qui

152 1875 416 1976 prementibus
448 1874 574 1973 digitis
603 1899 736 1973 parum
766 1877 981 1965 resisteret,
1018 1904 1148 1978 eosque

152 1994 326 2091 inaquali
349 1994 494 2065 ictuum
518 1993 555 2063 vi
579 2008 814 2090 percuteret,
846 2009 929 2065 toto
951 1993 1148 2069 abdomine

151 2111 320 2208 tympani
336 2111 454 2182 instar
477 2108 665 2199 distento,
687 2112 805 2208 magis
825 2124 950 2183 autem
974 2110 1077 2185 infra
1091 2112 1149 2210 hy·

150 2228 431 2326 pochoudrium
449 2227 664 2313 dexterum,
681 2227 747 2299 ubi
767 2228 938 2325 quaedam
953 2231 1064 2326 quasi
1084 2228 1148 2303 eoii

150 2348 319 2421 intestini
332 2347 473 2420 cellulae
497 2370 613 2419 manu
638 2346 782 2444 percipi
797 2345 1050 2435 videbantur,
1068 2347 1147 2423 her·

150 2465 213 2539 nia
232 2480 360 2537 autem
384 2465 539 2537 duriore
562 2461 676 2553 facta,
699 2454 872 2561 quamvis
889 2481 1047 2564 negaret
1064 2490 1147 2565 pre·

151 2585 299 2682 cipuam
314 2585 352 2654 in
373 2608 418 2657 ea
440 2608 518 2655 esse
537 2582 678 2654 doloris
704 2582 842 2655 sedem.
868 2581 1006 2655 Cibum
1027 2609 1146 2656 vome·

149 2699 222 2773 bat.
251 2708 471 2799 Aquatnor
492 2703 571 2797 jam
589 2699 723 2773 diebus
738 2700 900 2797 dejicere
926 2700 1024 2773 nihil
1048 2716 1146 2801 pote·

147 2834 214 2890 rat.
236 2819 364 2893 Flatus.
382 2823 484 2918 ipsos
501 2817 636 2892 frustra
656 2843 807 2918 egerere
824 2816 1046 2891 conabatur.
1078 2822 1144 2893 Da·

146 2952 226 3011 tum
250 2953 306 3011 est
326 2939 451 3011 oleum
467 2964 488 3010 e
503 2936 679 3011 dulcibus
703 2936 910 3034 amygdalis
933 2960 1071 3011 reeens
1087 2963 1142 3010 ex·

143 3080 337 3156 pressum
357 3082 376 3127 e
395 3054 602 3128 seminibus
624 3053 748 3128 autem
769 3056 836 3125 lini
851 3056 1033 3152 injectum
1056 3055 1143 3154 elys-

143 3187 222 3247 tere
244 3174 291 3247 ad
317 3175 448 3247 uncias
465 3172 605 3245 decem.
635 3179 713 3244 Hoc
739 3173 852 3272 quale
881 3174 1064 3269 injectum
1093 3186 1143 3247 est

143 3292 325 3379 reddidit,
344 3291 437 3363 illud
454 3282 543 3363 vero
562 3293 750 3378 evomuit,
770 3306 1081 3391 conquestusque
1092 3304 1143 3365 eet

142 3435 179 3482 se
199 3410 246 3482 ab
267 3435 311 3480 eo
332 3408 524 3480 turbatum
543 3426 655 3507 atque
673 3413 863 3508 agitatum.
882 3409 1144 3501 Quaerentibus

141 3529 233 3626 quid
252 3551 294 3598 os
310 3543 474 3622 saperet,
499 3531 687 3616 toxicum,
704 3529 836 3626 inquit.
860 3528 1022 3599 Multum
1044 3528 1138 3600 sitie-

137 3647 212 3717 bat.
244 3645 416 3715 Vomitus
449 3645 649 3743 perstabat.
690 3645 832 3717 Diebus
861 3645 1020 3743 singulis
1047 3646 1137 3723 inse·

137 3763 341 3861 quentibus
374 3767 534 3862 septimo
566 3780 602 3836 et
630 3781 764 3838 octava
795 3765 941 3864 singula
972 3770 1136 3837 euenum

135 3883 272 3976 injecta
284 3898 387 3971 sunt,
402 3883 560 3954 aiterum
575 3885 828 3981 compositum
843 3908 931 3961 cum
943 3882 1132 3959 bmadtua
