2580 4514
143 413 212 459 mu.
229 411 296 460 ru.
322 412 372 459 nu
398 411 533 459 rronms
559 411 728 475 verrius,
752 413 864 459 rrrsr.
886 388 982 459 xxni.
1026 389 1067 461 51

57 526 170 625 apud
197 526 432 598 Salmuthum
461 541 501 595 et
523 525 621 595 alios
658 525 831 596 dubitare
861 552 937 596 non
975 527 1066 598 licet.

61 643 176 734 Quod
191 644 352 714 relatum
366 643 485 712 miror
499 644 539 711 in
558 642 847 740 Sepulchretum
860 669 905 714 eo
915 646 954 713 in
965 645 1073 716 scho-

64 761 115 832 lio
139 760 247 857 quod
264 759 413 831 duabus
427 750 642 854 ‘subjectum
661 774 715 830 est
734 759 1072 851 observationibus,

63 879 300 951 contrarium
317 876 563 962 docentibus,
586 876 632 948 de
653 875 790 973 quibus
816 876 998 951 hactenus
1017 880 1074 950 lo·

64 997 143 1068 cuti
161 1019 313 1081 snmus,
330 996 536 1092 presertim
560 1019 647 1064 cum
669 1010 805 1091 prreter
821 995 905 1084 has,
928 999 1073 1069 nullam

61 1112 164 1209 quod
188 1113 326 1198 eciam,
354 1112 580 1183 ruminantis
600 1111 766 1181 hominis
789 1110 1072 1204 dissectionem„

66 1254 113 1301 ne
139 1254 189 1301 ex
216 1228 411 1301 Saimutho
446 1228 603 1325 quidem
630 1224 802 1324 proferre
833 1244 959 1325 poscet
985 1224 1074 1303 Ber·

66 1347 259 1434 motinus,
286 1371 450 1442 eumque
488 1347 645 1442 insuper
669 1345 818 1442 lepores
843 1361 879 1416 et
908 1347 1075 1418 cuniculi

68 1466 279 1551 ruminent,
303 1489 430 1562 neque
461 1463 555 1534 duos
585 1478 712 1533 tamen
740 1464 972 1534 ventriculos
1005 1464 1074 1534 ha*

70 1580 193 1653 beant.

118 1697 149 1769 5.
173 1702 225 1770 Ut
255 1722 347 1770 vero
374 1722 446 1768 nee
473 1695 670 1784 Voisrlvae,
693 1721 766 1768 nec
788 1696 883 1766 mihi
902 1722 1072 1794 unquam

71 1816 227 1914 contigit
246 1831 287 1887 ut
308 1817 543 1887 ruminantes
560 1814 737 1885 homines
755 1803 987 1904 videremus,
1005 1843 1074 1888 nee

71 1933 159 2006 dum
184 1946 379 2004 uteorum
401 1931 582 2002 cadavera
606 1922 879 2021 incideremus3
903 1934 954 2002 ita
973 1910 1099 2004 tandi

72 2075 154 2123 raro
168 2050 323 2146 utrique
338 2048 497 2137 accidit,
512 2064 554 2119 ut
567 2049 770 2119 homiuum
783 2073 944 2146 corpora
960 2049 1075 2121 disse·

72 2192 242 2240 caremus
256 2219 268 2255 ‚
286 2190 383 2263 quos
403 2167 525 2263 gravis
538 2163 720 2236 afflixerat
733 2168 931 2237 ventriculi
945 2166 1074 2255 dolor,

72 2287 114 2360 de
129 2311 210 2385 quo
223 2285 428 2357 sectionem
442 2283 597 2356 inscribi
610 2287 678 2355 VII
693 2308 805 2380 supra
816 2284 1072 2357 indicavimus.

73 2407 239 2496 Quarum
262 2402 568 2475 observationum
586 2402 668 2474 illas
682 2426 764 2499 quae
776 2404 817 2471 in
837 2401 935 2472 hanc
958 2406 1075 2502 magis

73 2522 288 2621 epistolam,
306 2545 421 2618 quam
440 2523 479 2590 in
493 2521 583 2591 alias
601 2518 808 2591 convenire
818 2508 1073 2611 “effididimus,

73 2642 255 2715 continuo
276 2639 444 2735 accipies.
458 2643 516 2709 ‘Et
537 2637 604 2710 has
623 2638 790 2735 primum
814 2653 891 2711 tres
918 2660 962 2708 er
987 2639 1073 2710 Vri*

19 2754 24 2767 '
71 2758 177 2829 solra.

116 2876 153 2946 6.
179 2873 249 2945 Vir
277 2873 467 2970 sexaginta
488 2895 608 2943 annos
632 2886 761 2958 nutus,
786 2876 1072 2967 temperamenti

73 2990 219 3076 hittoni,
235 3014 257 3059 a
280 2989 407 3060 multis
427 2991 504 3085 jam
524 2989 633 3060 annis
652 2987 701 3058 de
716 2987 916 3058 ventriculi
938 2989 1074 3060 debili·
1137 3064 1141 3072 ,

74 3121 143 3180 tate
164 3123 202 3180 et
215 3105 346 3177 dolore
363 3108 546 3204 conqueri
563 3118 750 3203 coeperat,
764 3129 853 3175 eum
875 3107 971 3177 circa
990 3133 1071 3179 earn

74 3227 263 3323 regionem
284 3224 439 3295 durities
454 3225 626 3311 accessit,
643 3220 743 3293 infru
763 3246 876 3319 quum
894 3226 1073 3296 nonnulli

74 3358 249 3438 praeterea
266 3340 350 3411 duri
371 3341 531 3438 globuli,
549 3339 613 3412 sed
634 3340 674 3410 hi
697 3340 851 3436 quidem
868 3337 974 3413 faciie
989 3368 1072 3414 moa

73 3457 185 3544 biles,
204 3456 513 3558 percipiebantur
537 3481 624 3528 cum
649 3458 777 3554 aliqua
797 3460 912 3530 totius
932 3463 1074 3533 ventris

75 3582 253 3652 tensione.
267 3581 436 3676 Agitatus
445 3594 578 3650 venter
593 3578 756 3650 effusum
772 3576 869 3650 intra
883 3604 921 3652 se
936 3582 1073 3652 humo-

76 3718 149 3767 rem
159 3693 1075 3796 manifestabatCrebrierantintestinorumrugi·

76 3813 294 3913 tus,erebrae
308 3813 467 3885 ssatuum
477 3819 741 3887 eructationes.
753 3817 925 3886 Vomitus
933 3816 1077 3911 aliquot

76 3929 116 4000 ab
141 3947 339 4031 assumpto
363 3930 449 4005 cibo
471 3934 676 4028 interjectis
694 3932 941 4020 horis‚.haud
960 3934 1077 4006 semel

863 4049 906 4134 4*
