2580 4514
295 155 305 188 Ι
407 146 416 159 .

163 420 233 466 ais.
254 416 310 466 111.
338 416 386 463 nn
410 412 546 462 nornis
570 414 742 479 vaurms,
768 415 878 463 nrrsr.
897 418 1017 462 xxx1v.
1048 393 1118 490 289

121 528 329 604 identidem
346 527 680 615 convehebantur,
699 543 898 626 totumque
918 553 1057 628 corpus
1069 531 1122 600 ri-

119 649 252 749 gidum
283 647 346 719 ad·
357 643 605 744 quadrantem
624 645 726 716 horae
749 647 1016 742 permanebat:
1038 672 1121 745 quae

119 766 214 839 dnm
228 763 387 850 fierent,
403 763 499 835 nulli
514 777 622 835 eraut
638 764 787 861 pulsus:
803 778 839 834 et
857 765 1041 853 vicissim,
1065 790 1123 837 so-

119 882 201 955 lnta
217 882 482 968 convulsione,
504 880 546 953 bi
564 906 716 978 quoque
738 880 931 968 redibant,
953 897 989 952 et
1018 907 1123 954 sano·

119 1024 209 1072 nrm
229 998 383 1097 quidem
408 1001 449 1069 in
475 1000 616 1069 caeteris
638 997 799 1085 similes,
821 997 886 1070 sed
905 997 1068 1098 humiles
1089 1015 1126 1070 et

120 1117 384 1217 prementibus
396 1116 529 1215 ¹digitis
545 1139 624 1186 non
643 1115 864 1187 resistentes.
883 1098 1127 1187 Postea'diffi-

122 1236 189 1307 cili
215 1233 312 1306 facta
338 1236 606 1332 respiratione3
631 1234 699 1305 etsi
723 1232 849 1329 lingua
869 1233 1021 1304 demum
1049 1250 1128 1306 erat

119 1353 199 1449 jam
223 1351 401 1440 humida,
435 1376 559 1449 neque
587 1349 704 1421 homo
731 1350 891 1448 amplius
924 1349 1127 1441 delirabat;

122 1467 232 1541 feces
260 1470 429 1554 vomuit,
454 1483 490 1540 et
516 1468 630 1567 paulo
655 1483 740 1565 post
763 1467 811 1538 ad
836 1460 1030 1567 vespeiam
1053 1469 1129 1541 diei

125 1587 300 1685 ejusdem
320 1587 539 1674 convulsus,
559 1601 732 1659 mortuus
751 1600 815 1657 est.
844 1586 1056 1658 Abdomine
1075 1588 1128 1659 di-

124 1704 265 1792 ducto,
287 1705 436 1776 sinister
450 1704 589 1800 jecoris
607 1702 717 1775 lobus
733 1706 909 1775 inventus
929 1721 984 1777 est
1002 1705 1128 1797 laxus,

124 1837 163 1895 et
176 1820 357 1920 sphacelo
375 1844 530 1920 prorsus
543 1822 701 1892 vitiatus.
716 1821 955 1894 Ventriculus
968 1838 1004 1894 et
1020 1825 1131 1898 intes-

124 1942 372 2027 tina,·tenuia
394 1938 622 2036 praesertim,
642 1938 702 2009 hic
731 1938 865 2028 rubra,
895 1940 976 2012 istic
995 1942 1128 2032 livida,

123 2058 202 2130 illic
221 2059 340 2156 nigra.
354 2057 436 2129 Coli
448 2070 571 2129 autem
587 2057 737 2127 initium
750 2082 823 2154 qua
836 2059 1026 2131 musculos
1038 2078 1131 2130 con-

124 2174 313 2273 tingebat,
339 2162 466 2246 cavam
484 2175 577 2246 ossis
602 2175 657 2244 ilii
679 2172 810 2245 faciem
828 2177 1063 2274 operientes,
1081 2181 1130 2248 si-

124 2293 208 2365 mul
228 2317 316 2365 cum
333 2293 424 2391 ipsis
443 2307 480 2364 et
503 2316 699 2390 gangraena
724 2295 880 2364 omnino
900 2310 1131 2392 occupatum

125 2427 233 2500 erat,
251 2411 362 2482 etssic
373 2434 594 2481 connexum
608 2464 618 2498 ,
633 2423 676 2481 ut
689 2409 769 2481 sine
786 2410 1010 2482 laceratione
1027 2437 1130 2511 sepa·
1183 2495 1185 2499 y

121 2530 201 2603 rari
215 2554 298 2600 non
317 2531 492 2628 potuerit.
520 2528 629 2598 Illinc
655 2528 853 2599 videbatur
870 2527 1031 2599 effusum
1051 2555 1129 2604 esse

120 2645 295 2747 quodin
317 2647 457 2719 ventris
481 2670 572 2716 cavo
597 2659 841 2744 conspectum
864 2642 984 2717 fuerat
1004 2671 1130 2718 serum

119 2766 284 2839 lividum
300 2756 440 2864 etpuri
459 2764 678 2852 admistum,
699 2766 760 2832 cui
778 2786 914 2860 nempe
932 2762 1050 2835 simile
1071 2765 1129 2835 in-

119 2885 261 2959 testina
278 2881 534 2955 continebant.

173 3002 235 3074 26.
253 2999 366 3090 Quod
385 3000 431 3071 ad
448 3000 597 3071 initium
615 2999 747 3069 attinet
765 2996 928 3068 historiae
947 2997 1078 3094 hujus,
1107 3026 1129 3072 a

119 3118 451 3192 verisimilitudine
465 3142 544 3187 non
558 3115 667 3187 valde
683 3114 878 3201 abhorret,
898 3131 1028 3186 natum
1044 3141 1128 3188 sen·-

119 3239 191 3310 sim
212 3233 326 3308 fuisse
345 3236 383 3304 in
399 3237 445 3307 iis
462 3237 527 3332 qui
545 3233 661 3305 modo
683 3235 881 3304 m'emorati
903 3251 1008 3323 sunt,
1025 3261 1129 3308 mus·

119 3354 217 3428 culis
237 3353 370 3424 vitium
383 3351 538 3450 aliquod
555 3351 657 3422 unde
668 3353 830 3448 proximi
843 3354 1007 3425 crurales
1024 3357 1129 3425 nervi

119 3473 266 3547 dexteri
282 3474 646 3569 comprimerentur,
668 3469 756 3540 inde
776 3484 899 3539 autem
916 3467 1045 3560 luisse,
1059 3497 1128 3543 cur

119 3592 242 3663 homo
259 3591 412 3663 sinistro
423 3573 541 3686 magis
553 3590 654 3675 cruri
672 3588 771 3657 inter
785 3586 1057 3658 ambulandum
1070 3592 1129 3659 in-

119 3707 330 3782 cumberet.
351 3706 464 3799 Quod
481 3705 527 3777 ad
544 3706 676 3776 vitium
689 3703 984 3776 inflammatione
998 3722 1034 3777 et
1047 3731 1127 3777 cor·

119 3827 269 3925 ruptela
290 3839 418 3923 postea
449 3823 740 3910 accedentibus,
762 3825 914 3921 pessimi
943 3847 1044 3893 succi
1067 3825 1117 3895 ita

119 3969 257 4017 nervos
279 3943 363 4018 illos
378 3942 657 4031 vellicaverint,
677 3956 719 4013 ut
748 3966 887 4038 corpus
909 3943 1125 4011 universum

190 4069 226 4149 a
920 4084 963 4154 19
