2580 4514
190 392 261 436 mn.
289 389 345 436 ιιι.
372 388 420 435 nr
443 385 581 433 rtoams
603 383 774 449 vaurms,
799 384 910 431 rrrsr.
935 366 1043 430 lrxxv.
1072 360 1142 434 335

186 501 356 574 Cadaver
372 498 553 598 postridie
571 496 661 568 dum
683 497 828 586 lavant,
851 521 986 594 magna
1014 498 1068 569 vis
1097 525 1142 569 ex

141 645 205 691 ore
216 615 338 690 effluit
350 617 458 715 quasi
473 612 835 714 sanguinis-putridi,
849 629 1013 685 stercore
1026 613 1143 688 fluido

141 738 269 826 diluti,
285 737 435 807 tabaeci
453 735 597 822 colore,
617 749 655 806 et
671 733 885 830 gravissime
908 734 1053 805 olentis.
1071 739 1143 806 Ita-

140 876 219 950 que
235 851 426 925 abdomen
441 849 580 921 lactum
596 851 698 920 estin
712 847 955 946 hypogastrio
967 851 1144 921 nonnihil

142 968 367 1041 flaccidum:
387 982 425 1040 et
443 990 658 1065 quanquam
676 967 715 1034 in
738 967 958 1062 epigastrio‚
976 967 1078 1063 qnod
1100 969 1144 1038 li·
1239 1013 1243 1020 ·

139 1086 272 1172 vebat,
292 1086 509 1182 caterisque
529 1083 698 1181 partibus
718 1082 856 1153 durum
877 1099 972 1155 esset
995 1085 1142 1172 adhuc,

138 1219 255 1302 atque
283 1202 514 1297 distentum3
541 1203 667 1272 minus
695 1216 820 1271 tamen
854 1214 933 1271 erat
960 1227 1071 1297 quam
1105 1205 1144 1273 in

134 1321 237 1392 vivo.
262 1319 337 1391 Ubi
365 1319 491 1393 cultro
513 1333 668 1391 ventum
688 1333 743 1389 est
761 1317 808 1387 ad
830 1319 972 1390 ventris
991 1344 1143 1410 cavum,

136 1438 244 1510 illico
280 1436 452 1509 exsiliens
485 1436 659 1534 prorupit
696 1435 839 1506 multus
867 1434 1032 1525 humor,
1064 1439 1144 1533 ejus
1244 1434 1245 1438 ’

137 1553 342 1654 persimilis
354 1554 423 1649 qui
438 1577 484 1623 ex
502 1577 567 1624 ore
592 1549 808 1638 effluxerat;
830 1553 881 1622 sic
906 1567 1029 1622 autem
1055 1578 1143 1651 pro-

138 1671 268 1769 rupit,
299 1684 341 1740 ut
365 1669 419 1741 illi
435 1669 506 1766 ipsi
523 1669 590 1766 qui
608 1667 784 1756 secabat,
803 1693 880 1738 non
898 1669 1014 1741 modo
1033 1671 1144 1743 nobis

138 1789 211 1886 qui
239 1785 465 1875 aderamus,
500 1784 659 1856 dubium
686 1783 825 1873 fuerit,
853 1811 901 1857 au
934 1812 978 1858 ex
1005 1789 1144 1860 ventris

140 1927 236 1977 cavo
274 1903 436 1975 extiterit
472 1904 511 1972 in
553 1902 656 1999 quod
691 1917 800 1973 antea
824 1920 931 1978 ¹esset
971 1902 1144 1993 effusus,

130 2046 189 2093 nn
218 2045 264 2092 ex
290 2021 470 2092 intestino
498 2019 689 2107 distento,
726 2019 886 2118 ideoque
917 2023 1028 2093 simul
1060 2048 1143 2094 cum

138 2139 348 2239 peritonaeo
376 2134 484 2209 facile
513 2137 793 2209 convulnerato.
823 2141 913 2208 Mox
933 2155 1033 2210 certe
1059 2167 1145 2212 cum

130 2255 334 2329 ¹abdomen
350 2253 547 2325 diductum
560 2269 631 2342 est,
648 2279 694 2325 eo
708 2254 867 2328 humore
880 2255 1013 2352 plenus
1028 2283 1047 2328 a
1051 2284 1141 2357 ppa-

131 2375 221 2457 truit
238 2385 379 2443 venter.
402 2373 542 2442 Tenuia
565 2370 888 2444 autem‘intestina
912 2377 1040 2445 omnia
1066 2391 1140 2446 tam

132 2503 240 2578 atra,
261 2513 374 2587 quam
393 2489 508 2560 carbo
529 2503 595 2561 est.
624 2489 842 2587 Eodemque
871 2490 1047 2587 sphacelo
1067 2495 1141 2566 lien
1260 2552 1262 2556 .

138 2630 298 2705 quoque
309 2660 320 2692 ‚
333 2607 462 2677 saltem
480 2630 526 2676 ex
541 2620 668 2703 parte,
686 2607 836 2679 vitiatus
849 2623 937 2678 erat.
949 2612 1143 2682 Ventricu-

132 2723 203 2797 Jus
217 2704 365 2815 tamen,
379 2739 567 2821 quantum·
583 2725 814 2796 extrinsecus
823 2725 984 2821 judicari
998 2734 1142 2825 potuit,

132 2839 357 2930 sanusfuin
373 2856 411 2913 et
431 2841 616 2939 quidquid
635 2844 773 2940 pariter
788 2841 834 2912 de
856 2845 988 2916 crassis
1002 2847 1143 2917 intesti-

137 2958 204 3031 nis
225 2957 276 3044 ab¹
296 2972 464 3030 extremo
488 2957 562 3028 ileo
589 2957 637 3029 ad
663 2959 855 3030 sinistrum
882 2983 1004 3056 usque
1024 2960 1143 3060 hypo-

129 3072 373 3153 xbondrium
390 3076 576 3172 pertinet:
597 3091 726 3147 caetera
741 3078 840 3148 enim
852 3078 1043 3174 inquirere
1053 3104 1142 3176 pro-

131 3189 266 3265 hibuit
276 3190 506 3263 incredibilis
526 3191 656 3265 odoris
676 3190 839 3281 foeditaS,
869 3219 915 3268 eo
935 3198 1046 3267 etiarn
1066 3223 1144 3269 ma-

132 3309 201 3405 jor
219 3307 324 3405 quod
342 3333 410 3406 per
429 3311 641 3398 incuriam,
664 3325 701 3381 et
727 3309 1001 3384 festinationem
1019 3315 1145 3412 perfo-

129 3439 224 3503 rato
251 3420 431 3497 intestino
461 3441 570 3498 aucta
600 3428 743 3500 interea
772 3431 965 3526 proluvies
994 3431 1143 3522 fuerat,

131 3566 307 3641 quaeum
324 3558 424 3616 teres
442 3543 642 3616 mediocris
659 3545 866 3619 lumbricus
881 3548 1084 3646 prodierat.

193 3659 249 3735 15.
278 3660 447 3748 Vidisti,
476 3687 563 3735 curn
587 3661 889 3739 adolescentulus
912 3666 990 3761 jain
1012 3669 1172 3747 melius.

138 3777 284 3851 habere
303 3777 518 3866 videretur,
540 3795 725 3876 quantum
746 3782 826 3851 vitii
848 3797 945 3854 esset
967 3784 1008 3854 in
1025 3788 1147 3856 tenui·

138 3895 211 3969 bus
230 3895 419 3967 intestinis
431 3896 616 3970 omnibus.
629 3899 699 3968 Sed
712 3898 1017 3996 putasnefaetum
1027 3902 1148 3998 prius-
