2580 4514
126 407 196 459 ΠΒ.
224 412 280 460 111.
309 413 355 458 ott
380 411 517 459 Molitus
540 412 710 473 vaurms,
735 411 847 459 EPIST·
874 410 1001 459 xxvltt.
1038 407 1082 465 27

76 529 173 599 tioni
203 525 354 597 videtur
383 525 583 599 adversari.
608 528 785 600 Potioues
811 527 911 596 euim
943 525 1009 596 ubi
1037 525 1084 597 ad

79 644 338 743 epiglottidem
355 660 634 741 pervenerunt,
653 644 743 716 hinc
762 659 799 717 et
820 643 923 732 hinc,
944 669 1018 741 qua
1037 643 1084 717 ad

78 763 245 861 laryugis
267 761 381 834 latera
404 763 512 859 quasi
530 765 657 836 sulcus
676 778 750 848 est,
774 761 965 847 defluunt,
984 776 1021 833 et
1037 760 1084 835 ad

79 879 287 978 pharyngis
307 879 424 951 imum
447 879 628 952 labuntur
650 907 657 948 :
680 905 804 977 neque
824 895 915 952 tunc
930 877 1085 976 quidem

81 996 241 1086 accidit,
268 1013 312 1070 ut
338 998 531 1096 laryngem
558 996 747 1082 subeant,
778 998 850 1069 nisi
875 1011 940 1067 aut
971 997 1086 1069 nimie

82 1116 189 1212 copia
208 1140 229 1186 e
248 1115 360 1188 sulcis
377 1115 617 1203 redundent,
646 1104 710 1187 a‘ut
727 1114 766 1185 hi
790 1111 1086 1186 inflammatione

83 1248 116 1305 et
142 1234 434 1306 intumescentia
461 1232 685 1319 deleantur,
712 1246 777 1304 aut
801 1229 848 1302 ab
879 1232 1085 1301 irritatione

83 1351 242 1423 excitata
262 1351 460 1424 convulsio
480 1350 651 1448 quaedam
667 1404 678 1439 ,
695 1364 759 1423 aut
777 1351 899 1446 impar
916 1348 965 1419 ob
984 1371 1087 1419 reso-
1112 1437 1115 1442 Ι

82 1467 267 1542 lutionem
299 1465 424 1541 officio
455 1494 523 1541 suo
556 1468 750 1540 musculus
777 1467 912 1565 aliquis
940 1463 1087 1536 facilem

84 1587 283 1683 potionum
316 1585 720 1677 defluxumttturbent:
750 1602 916 1683 quornm
946 1583 1088 1654 hocin

84 1701 1088 1802 seminaprincipepostinsultumapoplectieigeneris.

82 1820 175 1893 illud
200 1846 293 1894 vero
319 1821 505 1894 inrnobili
526 1823 671 1894 Comite
688 1820 958 1906 animadverti,
982 1820 1090 1914 cujus
1135 1820 1141 1835 ¹

75 1938 127 2009 ad
147 1954 189 2012 te
199 1939 299 2011 alias
313 1937 372 2036 (1)
393 1940 684 2041 permolestum,
705 1955 741 2012 et
767 1935 1090 2010 convulsum-sed

81 2055 309 2153 brevissimae
323 2059 466 2156 anginae
478 2085 523 2131 ex
533 2059 830 2156 partfflmilem,
852 2053 1089 2129 affectionem

78 2176 294 2274 prescripsi.
318 2177 385 2248 Hic
406 2191 530 2255 autem
550 2176 690 2262 nolim,
710 2174 942 2274 epiglottidis
968 2174 1090 2245 cousi-

82 2291 318 2367 derationem
331 2347 341 2381 ,
354 2293 421 2366 ubi
438 2294 487 2367 de
497 2295 580 2367 laesa
595 2293 842 2391 deglutitione
859 2293 1000 2390 agitur,
1018 2316 1037 2361 a
1054 2306 1090 2362 te

83 2408 311 2506 superfluam
330 2411 452 2500 credi,
464 2429 666 2511 postquam
681 2412 725 2482 cl.
745 2410 967 2507 Torgionius
981 2408 1036 2505 (n)
1051 2409 1091 2479 in

84 2526 242 2609 cadaver
268 2528 402 2600 incidit
429 2528 517 2603 virl-
532 2532 622 2618 cui,
652 2553 872 2627 quanquam
902 2527 1091 2625 epiglottis

84 2645 241 2715 omnino
264 2645 412 2735 deerat,
439 2643 594 2764 foptasse
619 2647 666 2719 ab
690 2647 815 2719 ulcere
842 2645 931 2717 olim
959 2667 1091 2729 exesa,

83 2784 158 2832 uon
173 2760 345 2835 defirerat
359 2779 484 2836 tamen
503 2766 542 2834 in
561 2780 671 2836 acuto
688 2764 844 2852 saltem,
862 2789 907 2834 ex
924 2786 1003 2858 quo
1020 2785 1091 2834 no·

81 2881 232 2952 tissime
250 2881 465 2969 interierat,
481 2883 618 2955 morbo
631 2881 816 2978 loquendi
835 2882 944 2951 viset
962 2878 1091 2976 deglu-

82 2996 200 3071 tiendi
216 2998 296 3070 sine
307 2999 382 3072 ulla
400 2997 630 3074 difficultate.
647 3003 740 3071 Nam
760 3001 828 3071 etsi
843 2997 1092 3094 arytaenoidaei

82 3115 265 3203 musculi,
279 3117 346 3213 qui
359 3119 559 3191 crassiores
572 3120 611 3192 in
620 3118 685 3191 illo
699 3132 825 3204 eraut,
845 3133 882 3188 et
894 3115 1093 3191 validiores

82 3247 286 3329 potuerant
314 3235 407 3307 adeo
427 3237 622 3332 glottidem
651 3251 776 3309 exacte
800 3233 1019 3320 occludere,
1040 3244 1092 3305 ot

81 3351 234 3421 insolito
251 3352 291 3422 iu
307 3351 526 3428 homiuibus
547 3354 702 3451 quidem
722 3352 917 3450 exemplo,
931 3351 1091 3449 epiglot—

81 3468 166 3540 tidis
180 3470 404 3568 supplerent
422 3469 610 3557 officium,
635 3474 731 3545 sicut
756 3472 834 3543 aliae
852 3485 976 3568 partes
994 3493 1091 3540 uon-

82 3610 280 3683 nunquam
309 3589 453 3677 uvulae‚
485 3615 763 3687 nonnunquam
791 3587 926 3684 liuguae
954 3600 1019 3657 aut
1042 3584 1090 3657 ab

120 3861 163 3940 (ι)
184 3865 281 3938 Epist.
300 3873 351 3934 14,
367 3886 396 3920 n.
412 3869 459 3938 37.

119 3961 161 4040 (a)
182 3964 286 4021 Prima
296 3966 433 4022 Raccolta
451 3967 482 4023 di
493 3986 604 4025 osserv.
618 3968 696 4025 med.
712 3986 796 4023 verso
809 3966 830 4020 il
840 3965 908 4020 fine.

494 4094 515 4139 ,s
