2580 4514
236 329 309 407 638
403 350 450 396 nn
476 347 623 396 enniana
648 349 693 394 nr
718 347 848 396 causis
875 348 1101 400 nonnonuu

237 465 350 560 hujus
367 462 536 560 geneis,
556 461 750 559 speciatim
770 485 855 559 quoe
873 463 916 533 in
933 465 1081 536 orariis
1092 463 1244 565 hydropi·

237 607 368 654 carum
392 580 592 650 mulierum
617 604 712 677 saepe
733 580 1019 668 inveniuntur,
1046 580 1152 655 facta
1167 585 1245 656 vide·

237 698 325 772 licet
346 724 388 770 ex
411 696 649 795 amplificatis
668 696 865 784 vericulis,
886 699 973 771 sive
988 680 1041 772 ut
1051 701 1134 800 ipse
1146 701 1246 774 crede

192 834 200 853 ·
237 816 303 889 bat
321 816 460 905 ovulis,
482 840 564 912 quae
587 814 797 886 secundum
820 831 1007 888 naturam
1032 820 1073 889 in
1101 821 1147 891 iis
1166 835 1247 918 tunt¹

222 932 406 1034 'iitemque
422 960 485 1007 eas
498 957 590 1033 quas
607 958 656 1004 ex
672 949 802 1030 aperto
821 933 943 1006 tatere
969 935 1139 1010 dextero
1159 937 1248 1037 pauit

210 1052 218 1063 ”
233 1042 338 1127 'infra
354 1068 476 1126 costas
490 1052 635 1152 spurias
652 1049 799 1121 feminae
818 1065 914 1124 tunc
928 1057 1175 1152 aegrotantis,
1186 1076 1248 1155 pot

151 1172 165 1193 ‘'
237 1192 297 1250 tea
317 1190 442 1245 autem
463 1185 685 1270 persanata,
705 1193 908 1268 erumpere
926 1172 1033 1245 vidit
1052 1199 1144 1246 cum
1159 1175 1248 1247 nun

239 1319 337 1392 aqua
367 1289 525 1390 limpida
548 1288 596 1358 ad
625 1289 870 1386 quingentas,
896 1290 1105 1386 ejusmodi
1136 1295 1249 1394 pariter

240 1437 337 1510 aqua
348 1408 526 1508 turgidas.
538 1411 708 1504 Repertae
719 1404 857 1477 deiude
866 1423 959 1478 sunt
972 1409 1030 1481 ab
1037 1407 1248 1484 flunerwott

238 1528 419 1627 fi0(r)’et
437 1525 760 1622 Hartman110(2),
781 1523 828 1595 ab
848 1525 916 1597 itto
943 1527 988 1598 in
1016 1532 1180 1605 muliere
1197 1531 1246 1628 hy·

239 1648 485 1744 datidesquae
492 1659 640 1744 praeter
656 1642 845 1741 liquamen
859 1664 1118 1740 gummosum
1129 1648 1245 1734 album,

240 1773 280 1838 in
294 1791 334 1836 se
351 1765 592 1837 continebant
607 1760 706 1832 alias
721 1766 1101 1855 taurinancium,
1112 1766 1248 1867 lympin

234 1883 388 1988 plenam
408 1880 549 1953 abhoc
568 1895 695 1950 autem
709 1880 749 1949 in
769 1901 863 1951 cane
878 1881 986 1968 intra
1010 1909 1156 1975 unam,
1170 1908 1247 1956 ean·

238 2002 401 2098 demque
429 1997 710 2080 membranam,
741 2019 824 2094 quae
867 2001 1026 2071 omenti
1062 2017 1167 2091 erat,
1186 2000 1247 2103 pln-

238 2121 341 2193 rimae
362 2117 473 2190 simul
490 2115 796 2214 comprehensae,
816 2129 857 2186 ut
879 2115 945 2188 illa
962 2119 1194 2193 membrana
1208 2118 1248 2188 di·

239 2239 363 2328 vulsa,
384 2237 430 2309 ad
452 2234 564 2308 levem
570 2259 790 2335 pressuram
806 2233 1017 2332 hydatides
1022 2239 1248 2338 prosilirent,

239 2382 400 2456 quarum
412 2355 538 2452 liquor
548 2354 721 2424 coctione
733 2375 811 2422 non
826 2355 1129 2446 commanebat,
1139 2378 1248 2454 coagit-

239 2475 316 2549 Ium
333 2492 459 2546 tamen
479 2471 676 2574 quoddam
687 2493 816 2543 secum
829 2469 1004 2546 habebat
1019 2530 1031 2562 ‚
1058 2479 1187 2549 tunica
1196 2499 1246 2546 tn·

237 2610 313 2667 tem
334 2591 565 2691 singularum
594 2590 750 2688 propria
768 2613 813 2660 ex
834 2587 1018 2687 pluribus
1042 2593 1129 2669 aliis
1153 2615 1247 2667 men

236 2711 368 2784 branis
381 2724 592 2808 compacta,
607 2707 722 2780 densa
734 2722 814 2778 erat
825 2705 943 2796 adm,
957 2724 1002 2781 ut
1016 2711 1176 2787 discissa
1185 2734 1246 2784 non

238 2830 508 2916 collaberetur3
520 2827 727 2924 eademque
739 2825 867 2898 laevrm
882 2827 1173 2925 pinguedinem
1186 2847 1247 2904 tan·

237 2951 340 3047 genti
373 2944 576 3032 offerebat,
602 2946 711 3042 cujus
734 2943 891 3016 multum
917 2943 1132 3044 hydatide's
1152 2962 1246 3023 eom

237 3066 504 3138 exudnverant.
526 3064 680 3135 Minime
698 3083 853 3160 quoque
872 3085 1067 3138 connexae
1085 3083 1191 3141 erant
1205 3067 1244 3136 iu·

235 3199 295 3259 ter
312 3210 349 3256 se
365 3180 461 3282 qu'as
475 3184 531 3253 vir
545 3181 590 3253 cl.
608 3180 817 3252 Alexander
832 3182 1085 3258 Camerarius
1097 3186 1151 3281 (3)
1165 3186 1244 3258 bene

236 3302 375 3374 multas
391 3299 662 3398 deprehendit,
691 3322 831 3398 aquam·
858 3301 1115 3377 continentes
1138 3301 1244 3402 limpi-

237 3419 323 3493 dam
333 3462 345 3508 ‚·
367 3418 661 3517 comprehendas
688 3432 812 3489 autem
841 3417 1102 3494 membraneo
1132 3444 1242 3506 sacco,

277 3706 322 3783 (r)
342 3709 378 3763 In
391 3704 533 3762 additam.
546 3702 585 3759 ad
601 3699 677 3760 hanc
692 3697 936 3778 Sepulchmeet.
948 3704 1019 3764 obs.
1033 3706 1089 3766 82,

275 3807 320 3884 (α)
339 3806 417 3862 lbid.
434 3806 498 3861 obs.
513 3804 562 3861 83.

276 3904 319 3986 (3)
337 3909 403 3963 Act.
421 3906 461 3963 N.
475 3906 508 3962 C.
527 3915 599 3964 tom.
612 3902 629 3960 3
641 3944 650 3973 ‚
663 3903 727 3965 oba.
744 3918 811 3958 120.
