2580 4514
148 399 196 471 90
314 401 359 444 DE
387 396 532 444 SEDIBUS
557 396 601 442 ΕΤ
627 396 750 443 CAUSlS
776 396 986 444 MORBORUM

148 511 382 608 praecedeute
396 511 549 596 delirio,
564 511 696 606 saepins
711 535 931 593 recurrens,
948 513 1157 607 prasertim

149 629 240 699 dum
257 632 333 699 aeri
345 629 542 700 brachium
563 628 844 725 exponebatur:
860 654 970 698 mane
989 630 1027 698 in
1045 655 1156 726 paro-

147 771 319 841 xysmum
331 747 436 842 quasi
448 746 688 842 epilepticam
705 746 968 842 degeneravit,
980 771 1060 842 quo
1078 773 1154 819 nou

147 862 345 934 brachium
360 864 493 949 modo,
507 864 570 934 sed
584 880 620 935 et
638 889 699 951 oS,
718 863 837 952 oculi,
856 862 977 934 femur
997 890 1153 962 quoque

147 981 1152 1080 sinistrumimmanissimeconvellebantnr.Haeclongo

147 1099 327 1169 horarum
349 1101 468 1196 spatio
490 1099 774 1196 perdurarunt:
800 1101 951 1168 tandem
973 1100 1153 1197 paralysis

146 1215 240 1287 illnd
275 1219 459 1314 corripuit
487 1215 699 1287 brachium.
737 1216 871 1286 Redire
904 1215 1150 1288 nihilominus

144 1333 352 1431 pergebant
367 1335 556 1432 epileptici
574 1333 734 1404 insultus
747 1350 821 1403 tam
840 1333 975 1404 crebro
995 1349 1038 1405 ut
1055 1336 1149 1405 intra

144 1448 278 1520 horam
306 1451 392 1547 plus
420 1451 552 1548 viginti
583 1466 887 1520 numerarentur.
908 1455 1056 1520 Interea
1076 1475 1150 1522 cre÷

107 1568 110 1573 ’
142 1565 290 1638 briores
310 1593 465 1664 quoque
481 1582 588 1637 erant
600 1570 828 1639 vomitiones
841 1585 876 1638 et
893 1570 1056 1639 materiae
1069 1570 1150 1665 qui-

68 1684 76 1694 '
144 1682 230 1754 dem
255 1686 427 1781 porracei
452 1686 614 1770 coloris,
641 1686 680 1754 in
708 1710 783 1781 qua
810 1683 1018 1781 fragmenta
1045 1687 1149 1783 quasi

142 1801 494 1873 membranularum
519 1803 751 1872 innatabant.
774 1802 965 1898 Singultus
982 1804 1148 1901 insuper,

142 1920 207 2014 qui
226 1935 313 2016 post
333 1935 578 1990 memoratam
603 1919 803 2017 paralysim
827 1920 924 1989 circa
952 1921 1149 1991 meridiem

141 2036 358 2133 inceperat,
376 2043 453 2132 Jam
469 2037 731 2110 vehementius
759 2035 968 2132 torquebat.
996 2042 1042 2113 Et
1065 2038 1149 2110 licet

142 2156 269 2224 omnia
299 2154 476 2235 nonnihil
501 2180 522 2224 a
553 2154 714 2252 prandio
735 2153 872 2225 sedata
901 2152 1146 2242 viderentur,

141 2286 264 2342 tamen
287 2296 373 2342 cum
392 2272 732 2370 advesperasceret,
745 2273 916 2368 graviora
930 2268 1090 2358 fiebant3
1107 2287 1144 2344 ut

140 2391 254 2487 pulsu
267 2406 303 2461 et
317 2389 461 2462 viribus
480 2391 597 2486 magis
613 2391 805 2486 magisque
821 2404 897 2459 tota
914 2405 1026 2460 nocte
1044 2387 1143 2462 fatis.

141 2506 327 2596 centibus,
341 2532 427 2577 cum
445 2532 541 2605 aeger
560 2532 663 2577 nunc
678 2506 835 2577 modicis
856 2507 1144 2593 vomitionibus,

138 2650 243 2696 nunc
269 2625 404 2696 delirio
424 2640 462 2696 et
492 2625 684 2723 singultu,
721 2625 853 2721 saepius
881 2640 1006 2695 autem
1031 2625 1143 2712 diris,

139 2745 310 2839 quamvis
319 2742 570 2831 brevioribus,
579 2743 821 2840 spasmodicis
831 2741 1144 2814 insultibusvexa·

137 2876 261 2949 retur,
274 2886 385 2933 mane
395 2860 619 2940 duodecima
632 2859 727 2930 hora
738 2858 927 2930 deficeret.
941 2859 1140 2931 Abdomen

138 2993 217 3048 erat
246 2979 466 3066 tumidum,
494 2993 536 3049 ut
565 2978 740 3049 intestina
768 3002 933 3073 quoque.
960 2981 1077 3065 Haec,
1108 2992 1141 3048 et

136 3097 387 3185 ventriculus,
410 3093 593 3192 quafacie
611 3095 799 3166 anteriora
818 3093 1056 3192 spectabant,
1084 3120 1142 3166 eo·

138 3199 224 3283 dem
239 3214 305 3283 illo
326 3229 433 3284 erant
451 3213 578 3286 colore
593 3213 730 3284 infecta
746 3194 822 3308 quo
841 3212 1035 3283 materiam
1053 3212 1141 3284 dixi·

137 3354 222 3406 mus
244 3329 358 3402 luisse
378 3357 461 3428 quae
480 3334 624 3403 vomitu
645 3330 874 3425 ejiciebatur.
901 3329 1143 3403 Ventriculus

134 3450 236 3520 intus
257 3447 533 3535 inflammatus,
558 3449 724 3520 minimis
746 3448 961 3547 quibusque
981 3447 1140 3519 vasculis

134 3567 298 3638 multum
318 3569 499 3667 sanguine
517 3565 766 3665 turgentibus.
787 3566 873 3637 Bilis
889 3565 1053 3639 vesicula
1073 3566 1140 3637 etsi

42 3682 45 3687 ’
134 3685 257 3755 inanis
274 3698 371 3772 erat,
391 3685 540 3784 turgida
559 3700 706 3773 tamen,
719 3709 804 3756 aere
820 3683 1015 3771 videlicet,
1032 3706 1139 3755 cons·

132 3803 352 3901 piciehatur.
372 3809 416 3875 In
436 3804 591 3876 thorace
611 3803 743 3902 pulmo
760 3801 890 3875 dexter
902 3817 1003 3874 arcte
1020 3800 1140 3874 adhae·

132 3920 241 3994 rebat
271 3920 319 3992 ad
348 3906 551 4020 pleurani:
582 3922 761 4019 ipseque,
789 3936 826 3992 et
850 3920 999 3993 sinister
1028 3921 1136 4016 nigro
