2580 4514
165 389 208 460 18
306 409 353 456 nu
378 409 523 457 sumnus
548 410 593 456 rr
618 408 741 456 crusis
766 408 976 457 uonuouuu

159 544 234 622 que
255 520 477 619 sanguiseris
493 522 607 611 vasis,
620 522 825 619 presertim
839 538 965 594 autem
982 525 1022 594 in
1041 531 1166 616 venis,

157 639 344 738 quidquid
359 654 437 711 erat
451 640 661 736 sanguinis,
678 652 757 709 erat
766 656 1005 729 concretum,
1019 657 1061 714 ut
1074 669 1164 716 nus·
1190 626 1192 630 ¹

156 780 271 856 quam
297 759 473 829 inventus
497 757 543 827 sit
563 753 711 828 fluidus.
744 759 917 855 Denique
944 761 1074 830 crauio
1101 787 1163 831 ex·

156 892 258 949 secto
283 875 483 947 cerebrum
511 887 754 971 compertum
772 890 827 946 est
844 875 958 947 molle
986 892 1023 948 et
1039 875 1163 950 ssacci·

154 994 270 1082 dum,
289 993 467 1090 idemque
484 990 648 1062 necdum
668 992 756 1062 satis
773 993 812 1061 iu
828 991 921 1065 duas
937 993 1164 1068 substantias

93 1109 97 1119 ’
152 1106 388 1196 distinctum,
411 1109 472 1180 vix
494 1121 538 1179 ut
559 1108 746 1179 corticalis
768 1109 975 1182 internosci
997 1126 1162 1208 possete

151 1228 360 1300 medullari.
380 1229 594 1322 Utrumque
614 1227 716 1297 auris
738 1240 982 1323 tympanum,
1000 1210 1158 1325 pelluci-

150 1345 205 1417 de
223 1345 400 1444 gelatinae
431 1344 608 1440 plenum3
641 1344 800 1415 ossicula
829 1343 993 1416 habebat
1030 1361 1158 1419 exacte

150 1463 304 1562 quidem
330 1458 584 1548 conformata,
607 1461 673 1532 ted
694 1460 1020 1534 membranaceum
1047 1466 1158 1536 etiam

148 1595 230 1652 tum
245 1579 441 1650 mollitiem
457 1579 652 1649 servantia.

96 1754 98 1759 ,
196 1698 232 1768 6.
251 1697 327 1787 Qui
342 1709 505 1766 mortem
523 1709 791 1792 praecesserunt
805 1710 932 1773 motus
948 1696 1161 1795 convulsipi

146 1833 280 1888 eurum
301 1811 564 1912 quadantenus
576 1811 716 1886 similes
736 1827 842 1899 sunt,
866 1837 963 1910 quos
985 1796 1159 1895 Valsalvi¹

147 1932 461 2005 animadverterat
487 1945 576 2001 ante
599 1928 767 2002 mulieris
790 1930 892 2002 illius
913 1931 982 2028 (1)
1007 1932 1154 2005 obitum

146 2070 230 2150 quae
255 2060 316 2123 seit
337 2049 417 2121 dies
442 2046 529 2119 cibo
545 2062 719 2145 potuque
738 2072 776 2119 se
796 2047 1037 2121 abstinuerat.
1064 2052 1155 2140 Quae

145 2169 294 2241 veroin
311 2181 468 2238 mortuo
486 2167 613 2238 catulo
632 2180 719 2237 sunt
735 2165 1014 2255 animadversa,
1032 2169 1152 2264 plera-

48 2301 50 2306 '
145 2311 220 2383 que
231 2282 435 2356 suntfoetus
449 2285 566 2381 magis
577 2308 690 2381 quam
702 2283 874 2354 animalis
883 2286 1038 2382 propria
1049 2287 1154 2382 quod

139 2403 326 2500 jejunium
340 2403 597 2492 interemerit,
611 2400 798 2471 nonnulla
811 2414 937 2473 tamen
952 2403 1151 2501 utriusque

143 2521 363 2591 communia
373 2533 438 2608 ,ut
451 2517 545 2590 feliis
556 2519 684 2616 copia,
699 2518 841 2616 quippe
856 2520 1053 2591 vesiculae
1068 2519 1151 2594 flac·

141 2637 228 2710 eido
245 2635 459 2708 ventriculo
477 2639 698 2734 proximuve
722 2637 902 2708 intestino
922 2636 1026 2708 haud
1046 2663 1151 2709 com·

75 2770 77 2783 ¹
140 2778 277 2854 pressa.
290 2753 362 2826 Sed
378 2753 611 2852 et-quidquid
625 2753 711 2825 bilis
730 2778 775 2824 ex
789 2754 960 2849 jecinore
975 2754 1022 2826 ad
1039 2757 1152 2829 intes·

140 2873 219 2967 tina¹
238 2870 387 2960 defluit,
408 2896 453 2942 eo
480 2872 598 2968 magis
623 2871 662 2941 iu
690 2869 748 2942 his
772 2887 945 2968 apparet,
966 2874 1071 2970 quod
1091 2898 1149 2946 as·

139 3003 379 3086 sumptorum
390 2987 542 3059 miscela
556 3012 635 3058 non
649 2988 800 3086 tegitur.
812 2991 890 3061 Nec
901 2990 1147 3082 ratiusolum,

138 3105 204 3178 sed
219 3103 431 3178 observatio
449 3130 603 3203 quoque
616 3104 692 3178 hoc
706 3105 914 3178 confirmat
928 3122 1009 3178 tum
1023 3108 1146 3180 inillis

112 3229 113 3232 ’
136 3221 253 3295 ferme
274 3211 451 3296 omnibus
467 3223 721 3296 animantibus
744 3249 839 3322 quas
864 3222 961 3296 fame
985 3250 1144 3298 necave-

136 3340 365 3431 remedius,
385 3355 427 3412 ut
439 3364 485 3412 ex
498 3340 658 3414 Caldesii
675 3341 731 3439 (α)
745 3344 961 3415 testimonio
979 3367 1141 3442 cognos-

135 3456 254 3538 uimus
264 3511 275 3547 ,
287 3473 367 3529 tum
378 3459 418 3529 in
432 3456 653 3531 homiuibus
664 3459 789 3532 inedia
797 3459 1018 3559 absumptis,
1036 3462 1140 3559 quod

171 3831 214 3908 (1)
235 3832 329 3905 Epist.
352 3851 404 3902 17,
419 3850 449 3886 u.
467 3831 515 3888 25.

171 3930 214 4008 (a)
235 3932 353 3988 Osserv.
369 3930 422 3986 int.
436 3932 494 3989 alle
506 3931 700 4009 Tartarughe.
