2580 4514
1028 244 1035 281 l

172 391 244 479 484
334 413 380 457 nn
406 407 552 456 snnmus
576 409 620 453 nr
645 406 770 453 causm
797 408 1014 456 monaulum

170 546 213 600 ut
235 525 419 611 vesicula,
434 526 652 622 priusquam
668 523 945 609 incideremus,
959 549 1161 624 compressa,

96 638 105 651 ⁸
171 646 512 718 animadvertimus.
543 645 714 742 Denique
750 673 837 720 cum
869 656 910 722 in
942 654 1098 726 renibus
1122 652 1161 724 nil

174 782 270 837 esset
290 763 531 866 adnotatione
551 763 731 863 dignum,
750 786 880 867 aperta
909 774 1036 846 vesica
1056 776 1162 845 urina·

173 885 246 970 ria,
265 885 304 953 in
320 884 527 980 posteriore
541 884 621 980 ejus
640 882 731 961 facie
750 915 864 988 supra
886 891 1079 963 orificium
1096 891 1163 964 alba

173 1005 342 1104 quaedam
375 1007 565 1102 apparuit,
590 1006 713 1104 exigui
746 1008 865 1080 instar
892 1010 1039 1082 inversi
1074 1013 1162 1109 pyri,

171 1125 461 1224 protuberantia
481 1126 673 1223 aliquanto
685 1131 806 1225 major
819 1154 937 1227 quam
953 1147 1036 1204 erat
1055 1157 1163 1204 carun·

170 1245 255 1316 cula
271 1245 479 1332 seminalis,
503 1243 684 1343 adquam
707 1273 827 1346 usque
854 1274 893 1321 se
914 1248 1160 1346 producebat,

66 1414 72 1425 .
171 1363 211 1433 in
232 1362 363 1432 exilem
384 1377 509 1433 tamen
528 1362 790 1462 humilemque
807 1367 950 1438 lineam
979 1382 1162 1452 contracta,

171 1481 245 1549 ima
269 1480 368 1551 illius
396 1480 688 1578 protuberantiae
719 1507 827 1580 pars,
850 1510 936 1582 quae
966 1486 1067 1556 intra
1094 1509 1162 1555 ure·

173 1596 266 1667 thrae
285 1599 433 1668 initium
455 1599 693 1697 prominens,
709 1625 794 1671 cum
811 1616 982 1698 prostata
1005 1599 1162 1695 glandula

173 1714 482 1802 continuabatur3
495 1728 538 1787 ut
553 1740 638 1787 cum
653 1743 696 1788 ex
714 1717 862 1805 eadem,
884 1743 929 1789 ex
943 1743 1024 1816 qua
1038 1718 1111 1790 hac
1123 1741 1163 1788 es

175 1847 247 1917 set,
259 1831 464 1902 substantia
480 1834 594 1929 ,quin
606 1848 777 1931 prostatae
790 1838 1047 1907 excrescentia
1066 1849 1164 1922 esset,

172 1949 315 2019 nemini
333 1973 377 2019 ex
397 1948 469 2021 illis
495 1951 620 2046 quiin
646 1976 771 2023 earum
795 1953 962 2048 partium
996 1952 1164 2026 dissectio

171 2066 285 2137 nibus
299 2068 416 2164 magis
429 2069 618 2140 exercitati
632 2068 804 2158 aderant,
823 2094 903 2142 esse
924 2069 1165 2143 dubitandum

171 2183 371 2255 videretur.
1156 2204 1159 2209 '

171 2332 176 2340 ·
223 2301 279 2370 31.
299 2303 468 2388 Utinam,
489 2302 599 2373 sicuti
617 2327 698 2398 quae
713 2301 753 2372 in
770 2315 851 2375 toto
867 2317 981 2374 erant
999 2303 1165 2400 hujusse-

173 2419 231 2488 nis
256 2441 416 2516 corpore
452 2433 585 2516 praeter
615 2434 787 2489 naturam
817 2418 867 2489 ob
898 2419 937 2491 id
969 2421 1165 2494 saltemne

173 2535 343 2633 quaedam
372 2550 407 2607 te
428 2529 601 2632 fugerent
620 2561 702 2631 quae
723 2560 1010 2634 nonnunquam
1032 2537 1167 2611 occulta

173 2677 252 2724 esse
269 2667 426 2749 possunt
437 2651 661 2745 nonlevium
674 2651 827 2724 fortasse
844 2653 1079 2726 morborum
1094 2677 1167 2724 cau·

171 2792 239 2856 sae3
260 2769 387 2853 sicuti,
402 2772 556 2865 inquam
572 2768 635 2838 illa
653 2768 937 2856 adnotavimus,
957 2769 1012 2842 ita
1026 2772 1166 2867 quinam

134 2914 148 2972 q
170 2885 210 2953 in
231 2881 318 2955 ¹vivo
344 2884 615 2982 plerorumque
636 2909 767 2955 eorum
789 2882 946 2956 effectus
969 2886 1165 2984 praecessis·

170 3017 269 3087 sent,
290 3025 360 3072 nos
379 3002 533 3072 minime
552 3001 692 3072 lateret.
714 3000 784 3071 Sed
807 2999 908 3072 illud·
919 3003 960 3071 in
980 3001 1165 3101 praesentia

171 3120 266 3188 seire
286 3119 370 3189 satis
385 3132 456 3206 est,
470 3143 556 3188 cum
572 3142 636 3188 eos
651 3118 814 3189 calculos
832 3119 871 3186 in
888 3120 984 3214 cysti
1005 3119 1164 3200 haberet,

170 3236 366 3304 ictericum
390 3250 514 3305 tamen
540 3259 619 3304 non
639 3258 745 3306 secus
763 3258 805 3303 ac
823 3232 1024 3332 descriptae
1054 3235 1164 3305 mulie

171 3375 251 3437 res,
266 3367 302 3422 ct
319 3366 374 3422 tot
391 3352 452 3422 alii
472 3350 903 3449 supral1lindicatinon
924 3347 1052 3422 fuisse.
1067 3344 1163 3441 Quod

180 3471 210 3540 si
229 3472 297 3539 uni
318 3469 412 3539 mihi
427 3471 478 3540 sic
495 3468 692 3540 observare
711 3468 945 3563 contigisset,
964 3464 1072 3540 facile
1085 3470 1164 3540 sino

170 3614 271 3676 rem,
289 3591 356 3686 qui
372 3590 599 3659 contrariam
618 3587 742 3658 adhuc
755 3584 885 3658 fovent
904 3589 1163 3686 opinationem,

396 3798 1158 3843 ...φ-Μ...-

209 3943 252 4025 (¹)
272 3948 310 4003 Ν·
332 3966 379 4022 ²7·
