2580 4514
210 417 280 463 nra.
309 415 366 463 111.
395 417 441 463 ur
468 415 936 482 uonrtsvrurnrs,ar1sr.
964 422 1060 469 xxrx.
1097 399 1142 495 67
1214 436 1230 483 „a

191 535 247 616 14.
272 527 430 608 Anicula
448 527 592 625 aliquot
606 529 683 624 jam
710 555 857 603 menses
873 534 912 602 in
930 531 1003 605 hoc
1034 561 1147 609 noso·

138 647 265 718 comio
291 644 543 719 decumbebat
564 648 722 719 tumoris
745 671 854 723 causa
877 647 1066 722 abdomen
1090 669 1146 724 at-

137 763 309 835 tollentis
325 763 373 837 ad
390 761 632 849 umbilicum,
648 778 684 834 et
700 761 811 849 infra,
829 764 892 841 sed
907 765 1144 841 dextrorsum

139 882 271 978 magis.
302 880 559 972 Quamobrem
592 883 631 951 in
664 882 856 953 sinistrum
886 882 981 956 latus
1008 886 1146 960 cubare

140 1022 221 1071 non
243 1013 402 1096 poterat.
424 1002 585 1096 Magnus
610 1013 689 1071 erat
712 1013 864 1083 tumor,
886 1026 1006 1099 eoque
1028 1006 1148 1100 major

140 1116 359 1202 videbatur,
376 1114 480 1212 quod
498 1113 786 1212 bypocbondria
796 1169 805 1203 ,
817 1131 854 1188 et
866 1119 1054 1218 pleraeque
1069 1124 1149 1195 atie

141 1236 285 1306 ventris
305 1249 428 1332 partes
440 1233 648 1331 plurimum
658 1231 708 1304 ob
722 1235 878 1310 maciem
893 1237 1149 1331 subsidebant,

143 1354 365 1430 universum
383 1351 537 1450 quidem
560 1376 697 1448 eorpus
716 1351 973 1443 obtinentem,
992 1357 1058 1428 sed
1075 1384 1150 1430 nra-

146 1473 200 1569 gis
224 1472 418 1542 sinistrum
442 1470 561 1555 latus,
586 1495 634 1542 an
653 1469 758 1566 quod
777 1471 914 1542 mulier
937 1498 1086 1572 semper
1106 1479 1150 1549 in

147 1590 344 1661 dexterum
370 1587 650 1660 decumbebat?
672 1589 710 1661 si
733 1582 948 1677 tumorem,
975 1593 1151 1668 manibus

148 1708 416 1804 interceptum,
434 1705 511 1777 hue
529 1704 620 1778 illuc
632 1729 781 1803 ageres3
798 1708 852 1778 sic
865 1711 953 1780 satis
971 1711 1151 1787 mobilem

146 1823 393 1923 percipiebas.
418 1821 520 1895 Nihil
543 1837 667 1897 autem
691 1821 769 1895 fere
797 1823 959 1898 dolebat.
987 1833 1150 1919 Contra,

147 1942 307 2040 querela
337 1955 417 2011 erat
441 1955 623 2039 perpetua
651 1939 698 2014 de
725 1941 884 2015 molesto
913 1946 1080 2040 quodam
1109 1949 1152 2021 in

147 2060 359 2133 ventriculo
388 2081 510 2131 sensu.
536 2061 638 2150 Quas
664 2058 714 2132 ob
737 2083 866 2133 causas
892 2087 971 2135 non
997 2063 1154 2139 deerant

148 2179 214 2277 qui
235 2178 496 2272 conjicerent,
523 2177 562 2248 in
590 2191 744 2250 umento
761 2186 848 2250 'esse
872 2195 1061 2253 tumorem
1086 2187 1154 2281 qui

148 2295 400 2369 ventriculum
421 2293 599 2365 deorsum
620 2291 806 2383 traheret,
820 2321 942 2393 eoque
962 2299 1057 2371 male
1077 2299 1153 2371 effi..

149 2430 260 2486 ceret.
276 2418 373 2485 Cum
391 2411 551 2484 molesto
561 2412 626 2482 illo
644 2412 841 2491 ventriculi
854 2436 964 2487 sensu
976 2419 1155 2511 vomendi

146 2532 339 2606 interdum
365 2530 537 2602 voluntas
565 2527 711 2616 fuerat,
738 2555 817 2604 nou
843 2535 1015 2607 vomitus.
1039 2539 1151 2608 Nunc

149 2667 274 2724 autem
291 2664 369 2721 erat
385 2663 564 2746 praeterea
575 2646 722 2720 assidua
735 2648 905 2744 quadam
922 2648 1056 2740 febris,
1072 2679 1154 2750 qnae

150 2796 234 2842 cum
251 2769 410 2852 caeteris,
429 2766 476 2837 de
493 2765 631 2863 quibus
647 2764 857 2839 dictumest
871 2823 881 2856 ,
894 2768 1090 2858 omnibm,
1103 2773 1154 2845 ad

149 2903 491 2981 extremumusque
504 2885 678 2980 perstitit,
687 2882 726 2955 id
739 2899 815 2973 est,
829 2883 876 2955 ad
888 2885 1056 2960 octobris
1075 2916 1153 2961 me-

150 3005 254 3078 dium
273 3004 365 3074 anni
388 2999 491 3099 1735.

196 3127 339 3194 Ventre
366 3119 569 3218 adaperto,
595 3116 833 3195 manifestum
862 3117 931 3192 fuit
963 3138 1152 3195 tumorem

151 3265 228 3313 esse
245 3242 286 3310 in
305 3239 434 3310 orario
454 3224 636 3310 dextero:
661 3236 765 3333 quod
789 3238 828 3310 in
854 3237 1007 3314 cellulas
1028 3268 1155 3315 excre-

150 3373 275 3447 verat,
294 3359 449 3428 materia
469 3355 599 3454 plenas
629 3355 733 3426 molli
759 3355 915 3455 quidem
941 3370 1155 3431 nectamen

151 3474 286 3562 fluida,
317 3475 447 3546 colore
480 3487 605 3548 autem
639 3474 872 3545 encinere'o
908 3472 1155 3566 flavescente,

151 3593 266 3672 odore
284 3619 366 3667 non
386 3593 499 3690 grani.
512 3595 717 3688 Tumorcm
725 3590 901 3688 augebat:
911 3592 1047 3677 adnata
1065 3622 1156 3694 pro·

151 3713 244 3784 xima
258 3711 369 3798 tuba,
382 3711 462 3808 ipsa
474 3734 628 3807 quoque
642 3709 760 3787 milto
770 3711 934 3808 amplior
948 3727 985 3782 et
998 3716 1158 3789 crassior

151 3827 261 3920 sacta3
278 3853 369 3901 cum
389 3848 517 3898 uterus
541 3842 579 3898 et
613 3852 695 3924 quat
712 3826 759 3898 ad
776 3828 899 3923 ipsum
922 3830 1082 3900 attinent
1095 3857 1156 3901 ne-

150 3947 247 4049 liqua
269 3969 387 4047 parva
406 3960 528 4017 essent
552 3960 588 4018 et
608 3970 710 4017 sana,
729 3945 907 4042 Adigitur
926 3961 1006 4042 crat
1029 3961 1157 4029 mmor

944 4059 981 4134 5,

1163 4122 1270 4250 11
