2580 4514
154 92 226 175 ado
322 110 369 155 nr.
396 108 541 156 snnraus
565 110 610 155 ar
634 108 759 157 causis
783 110 998 159 nonnosum

152 224 255 296 illius
273 223 394 295 causis
412 236 449 293 et
476 224 670 294 curatione
688 222 979 299 consulentibus
1002 220 1179 325 respol1

154 340 253 413 dere.

207 460 260 530 16.
288 458 360 529 Sed
383 482 443 527 me
472 482 577 529 casus
601 473 692 530 tunc
713 460 899 558 propositi
920 452 1179 533 condition&⁵¹

154 576 261 648 sicuti
279 577 316 645 in
335 574 541 646 theoretica
554 591 659 671 parte
677 575 724 645 ad
739 576 910 673 quaedam
927 579 1063 653 minus
1086 577 1179 650 lor⁶

154 705 247 764 tasse
267 691 480 763 verisimilia
500 690 757 778 adduxerunt,
784 694 834 765 ita
860 695 901 765 in
922 708 1037 791 parte
1055 694 1179 767 ctiam

151 810 295 907 reliqua
315 809 551 906 impulerunt
568 806 673 879 lacile
697 808 745 891 ad
769 809 957 882 nonnulla
984 836 1075 909 quoe
1097 832 1179 912 op·

150 929 221 997 tari
246 943 385 1024 queant¹
409 927 533 1023 potius
559 951 673 1023 quam
698 923 795 1000 fieri.
821 928 938 1017 Quod
966 932 1001 1001 si
1025 944 1179 1029 aegmm

151 1068 228 1114 non
247 1069 288 1114 ea
304 1043 501 1141 peculiaris
517 1045 716 1115 necessitas
730 1046 929 1133 tenuisset,
942 1060 989 1118 ut
1005 1047 1179 1121 artificia

151 1178 342 1232 amoveret
352 1161 496 1246 omnia,
507 1176 544 1231 et
558 1161 758 1257 procidere
770 1162 998 1235 intestinum
1013 1166 1179 1237 sineret

150 1282 181 1350 si
197 1277 352 1375 quidem
372 1293 606 1350 recrementa
623 1277 737 1349 vellet
753 1279 910 1374 ejicere3
927 1305 1014 1352 non
1030 1280 1179 1356 defuis

150 1412 233 1467 sent
248 1396 383 1466 auxilia
391 1420 474 1492 quae
484 1419 753 1493 proponerem,
764 1412 807 1467 ut
821 1420 907 1467 cum
921 1422 968 1469 ea
983 1400 1179 1495 ejicerem

149 1528 232 1599 tur,
262 1515 302 1583 in
331 1537 395 1584 sua
421 1513 514 1583 illud
541 1512 628 1583 sede
651 1527 844 1613 perstaret.
871 1517 963 1587 Erat
992 1518 1179 1615 primun

149 1633 267 1728 Sarpii
290 1631 453 1702 annulus
475 1658 483 1699 :
505 1655 582 1728 quo
606 1630 653 1701 de
674 1632 818 1702 annulo
841 1648 982 1731 praeter
1005 1660 1053 1707 ca
1079 1658 1179 1735 qun

148 1750 260 1821 retuli
278 1774 389 1847 supra
404 1748 458 1845 (ι)
477 1775 521 1820 ex
536 1754 681 1819 Joanne
694 1748 866 1837 Rhodio,
889 1748 972 1822 haec
987 1754 1101 1825 etiam
1116 1755 1179 1825 it

147 1869 267 1966 Sarpii
284 1869 357 1939 vita
378 1868 507 1966 legisse
526 1868 697 1950 memini3
717 1868 899 1966 cumipse
917 1864 998 1942 boc
1019 1870 1179 1943 morbo

146 1985 213 2057 diu
229 1985 451 2069 laborasset,
466 1986 576 2084 plura
589 2001 713 2056 autem
730 1984 913 2075 subinde,
930 1988 1001 2059 sed
1018 1987 1175 2063 frustra

146 2104 273 2174 omnia
290 2119 489 2191 tentasset,
507 2128 673 2200 quaererc
689 2103 842 2174 demum
856 2104 1158 2181 instrumentum

22 2238 26 2245 ’
146 2221 301 2318 aliquod
323 2223 495 2319 coepisse,
508 2247 585 2318 quo
599 2222 819 2292 intestinum
839 2224 1148 2314 contineret3ita·

144 2363 218 2434 que
238 2354 324 2437 post
344 2339 460 2409 multa
485 2364 604 2408 unum
633 2338 797 2436 denique
830 2339 1024 2415 invenisse
1048 2340 1093 2413 ad
1109 2336 1140 2411 id

143 2471 272 2553 aptum
305 2456 420 2543 adeo,
444 2471 486 2527 ut
519 2458 665 2527 tametsi
694 2455 739 2526 ad
771 2454 886 2528 finem
920 2482 1046 2556 usque
1070 2458 1134 2529 vio
1177 2496 1179 2563 Ξ

141 2575 318 2644 morbum
332 2574 551 2671 pertulerit,
569 2573 711 2644 nullius
724 2587 850 2644 tamen
863 2575 1028 2649 actionis
1038 2598 1133 2673 prop

140 2707 242 2761 terea
266 2692 580 2789 impedimentum
608 2692 783 2776 senserit,
806 2688 911 2761 haud
927 2715 1040 2764 secus
1057 2692 1134 2765 acsi

139 2806 205 2878 illo
223 2808 528 2893 careretmorb0‚
541 2808 720 2904 idemque
737 2808 787 2880 ita
803 2807 911 2879 facile
929 2823 969 2881 et
980 2808 1135 2909 prompti

139 2947 250 3007 usus,
269 2940 311 2994 ut
328 2925 408 2996 aliis
427 2926 567 3022 pariter
584 2924 810 3021 quibuscum
826 2925 960 3021 ipsum·
975 2950 1135 2999 commu·

137 3042 349 3127 nicaverat,
380 3042 510 3111 eadem
543 3043 764 3139 praestiterit.
784 3042 897 3133 Quod
927 3045 958 3117 si
985 3047 1060 3117 vita
1084 3042 1136 3115 illa

137 3157 186 3228 ob
216 3160 411 3256 auctoris(
429 3160 662 3256 quicumque
690 3159 721 3229 is
744 3184 848 3230 nunc
878 3160 926 3232 ab
954 3160 1136 3235 laudando

135 3276 223 3347 alibi
243 3301 392 3348 summo
404 3278 486 3347 viro
500 3276 614 3348 fnisse
634 3275 831 3375 credatur)
847 3281 878 3350 si
896 3279 949 3352 ob
970 3281 1138 3367 auctoris,

172 3636 216 3715 (ι)
237 3640 273 3693 Ν.
286 3657 315 3709 7.
