2580 4514
146 371 192 466 76
310 396 356 441 nr
383 396 528 444 scurrus
553 398 597 443 ur
623 396 746 443 crusis
772 398 984 444 monnonorr

145 506 281 577 cellum
296 510 578 606 Donatumblr),
600 526 636 582 et
655 535 700 580 ex
718 525 824 609 parte
842 513 954 581 etiam
972 509 1092 581 habes
1113 509 1145 579 in
1177 488 1179 539 2

145 623 290 705 scholio
315 626 361 696 ad
379 626 629 727 appendicem
647 653 729 725 quae
745 653 767 699 a
787 633 931 698 Boneto
955 624 1147 722 subjicitur

145 739 400 814 observationi
430 746 518 815 XIII
549 745 664 840 hujus
699 746 907 817 sectionis:
935 767 1147 841 quanquam

143 884 299 930 verruca
319 887 400 958 quae
429 861 483 933 ihi
505 888 550 933 ex
571 867 785 934 Aveuzoare
813 877 1146 949 commemoratur,

144 1000 229 1047 cum
250 980 354 1076 pomi
367 996 464 1052 esset
479 980 762 1078 magnitudine3
786 1005 866 1051 non
884 976 992 1050 facile
1016 976 1145 1050 intelli·

143 1095 243 1191 gitur
266 1096 460 1193 quomodo
480 1123 524 1169 ex
540 1082 753 1168 ventriculo
772 1095 919 1195 egredi,
944 1112 982 1166 et
1007 1121 1078 1193 per
1095 1111 1144 1168 te·

128 1215 231 1313 ‚nuia
246 1216 422 1286 intestina
436 1217 519 1311 ejici
531 1218 570 1286 in
585 1238 707 1287 crassa
721 1215 908 1313 potuerit;
923 1228 965 1285 ut
982 1213 1143 1310 proclive

142 1329 189 1400 sit
204 1333 405 1429 suspicari,
427 1358 504 1402 non
527 1335 568 1402 in
588 1333 821 1420 ventriculO,
840 1331 905 1404 sed
927 1331 965 1399 in
985 1354 1030 1400 ea
1047 1342 1142 1428 parte

142 1448 215 1518 coli
226 1450 279 1542 (a)
292 1466 439 1521 enatam
454 1477 535 1548 quae
552 1451 752 1523 ventriculi
766 1446 928 1520 fundum
944 1447 1141 1545 contingit,

140 1567 346 1660 praesertim
361 1593 447 1641 cum
468 1569 632 1641 vomitus
650 1593 865 1665 uunquam,
888 1566 953 1637 sed
971 1564 1141 1661 dejectio-

142 1707 209 1754 nes
229 1708 399 1783 semper,
425 1687 541 1757 modo
563 1687 655 1756 varii
679 1686 839 1773 coloris,
862 1683 978 1756 modo
999 1684 1140 1781 sangui-

140 1825 219 1872 neae
234 1803 274 1872 in
288 1804 355 1873 illo
370 1831 469 1903 aegro
487 1821 758 1879 memorentur.
980 1792 981 1797 ἵ

193 1946 247 2017 17.
267 1923 454 2010 Quoniam
472 1949 563 1995 vero
579 1951 660 2021 quae
677 1923 817 1995 Arabes
834 1945 1012 1994 verrucas
1030 1920 1140 1994 nomi·

138 2054 298 2128 nerunt,
317 2066 357 2112 ea
378 2043 408 2112 si
427 2067 505 2113 non
524 2043 657 2143 polypi
678 2043 943 2114 intestinorum
970 2057 1037 2112 aut
1060 2063 1138 2113 veu-

136 2157 264 2229 triculi
285 2162 297 2250 (
316 2160 566 2255 cujusferme
594 2162 742 2258 generis
771 2158 882 2231 fuisse
918 2158 1138 2233 crediderim

136 2275 277 2346 molem
298 2278 409 2349 istam
422 2302 619 2367 carneam,
638 2304 721 2376 quae
740 2293 825 2375 post
842 2276 1061 2374 complures
1072 2298 1139 2347 sau

74 2384 77 2391 ¹
137 2394 259 2490 guinis
276 2399 502 2469 vomitiones
527 2399 668 2492 rejecta
692 2395 921 2467 describitur
939 2394 979 2464 iu
1002 2417 1137 2491 appen-

136 2509 219 2582 dice
238 2512 284 2582 de
298 2541 372 2611 qua
393 2517 507 2587 modo
526 2515 732 2587 indicatum
746 2514 822 2606 est)
842 2537 984 2584 carneae
997 2534 1137 2582 excres-

135 2635 277 2718 centia,
297 2649 338 2704 ut
350 2659 514 2705 verrucae
528 2637 639 2704 etiam
651 2631 796 2703 Paulini
814 2656 893 2702 esse
906 2642 1134 2727 potuerunt,

135 2772 217 2843 quae
242 2749 425 2847 pendulas
452 2778 498 2822 ex
521 2752 645 2822 radice
674 2773 851 2821 verrucas
881 2745 1138 2844 quadantenus

134 2865 387 2958 imitarentur3
414 2871 443 2941 si
468 2872 567 2968 ipsas
587 2892 741 2966 quoque
770 2865 1042 2938 exulcerationi
1067 2862 1138 2934 cui·

136 2983 221 3054 dam
243 3003 305 3057 ant
326 2990 492 3058 erosioni
508 3013 610 3059 suam
631 2986 805 3058 debuisse
826 2984 1013 3080 originem
1032 2981 1136 3066 velis,

134 3128 213 3175 non
234 3105 466 3202 repugnabo.
489 3106 559 3177 Sed
584 3107 709 3204 potius
729 3127 893 3201 quaeram
918 3099 1071 3172 idemne
1096 3099 1138 3169 de

134 3223 363 3320 quibusdam
389 3225 469 3296 aliis
501 3226 550 3296 sis
577 3224 808 3309 credituruS,
832 3235 874 3291 ut
894 3232 984 3316 puta
1004 3216 1051 3288 de
1080 3217 1139 3288 illa

132 3364 211 3411 non
227 3367 342 3439 parva
365 3341 586 3442 glandulosa
604 3339 808 3412 caruncula
834 3363 904 3435 per
930 3334 1138 3432 oblongum

132 3460 317 3558 petiolum
335 3460 546 3532 ventriculo
579 3456 708 3545 affixa,
727 3480 848 3554 prope
865 3453 1052 3524 annulum
1074 3477 1138 3552 py-

125 3671 1133 3699 Μ

172 3848 216 3924 (1)
236 3850 280 3903 De
297 3847 374 3903 med.
391 3840 460 3902 hist.
473 3845 540 3900 mir.
557 3845 577 3898 l.
594 3843 621 3914 3,
639 3863 664 3900 c.
680 3841 707 3898 5.

172 3960 217 4039 (a)
237 3963 305 4018 vid.
324 3960 422 4016 etiam.
435 3959 529 4034 Epist.
547 3957 601 4031 31,
618 3977 649 4013 n.
664 3976 711 4022 21.
