2580 4514
164 357 239 456 2590
321 380 367 426 nn
393 375 540 425 seorsus
564 380 608 423 nr
633 368 756 424 causis
784 364 1001 427 nonnon'un

165 500 206 568 in
225 495 353 566 ovium
380 512 530 590 gregem
560 490 789 582 inciderem,
814 508 863 563 ex
899 502 981 591 quo
1009 495 1155 571 lanio'ntl

166 617 254 687 alias
269 615 389 708 juste,
409 611 498 680 alias
516 609 579 679 vili
596 611 720 715 pretio
739 611 1030 684 mercabantur.
1049 617 1157 687 Scisci-

166 736 258 806 tanti
283 730 376 800 mibi
393 728 617 799 discriminis
638 752 808 798 causam:
827 729 904 800 illae
929 733 1058 820 enirn,
1077 735 1156 806 dixe

165 867 275 934 runt,
298 872 394 918 sanae
413 860 523 928 sunt,
540 845 595 914 bae
618 868 708 915 vero
729 845 874 916 durum
906 846 1058 920 babent
1072 851 1158 947 jecur

166 972 257 1041 etin
276 981 405 1036 ventre
423 986 568 1061 aquam.
587 966 681 1032 Cum
697 976 829 1034 venter
847 988 930 1034 non
961 965 1024 1039 bis
1043 971 1156 1067 mugit,

166 1110 280 1186 quam
306 1085 377 1154 illis
400 1096 583 1167 tumeret,
606 1097 728 1177 neque
746 1080 849 1151 aliud
871 1085 1007 1156 morbi
1027 1096 1156 1185 appare·

163 1221 221 1278 ret
238 1203 437 1287 indicium,
454 1223 548 1268 vana
574 1222 639 1270 eos
659 1197 783 1269 dicere
807 1200 1083 1292 credidissem,
1105 1202 1157 1273 nisi

165 1323 279 1394 fidem
299 1317 472 1390 fecissent
499 1320 586 1414 ipsse
616 1338 723 1406 mox,
741 1318 992 1415 inspectante
1023 1330 1158 1410 me,oc'1

49 1438 53 1447 ’
164 1443 245 1513 cisae
265 1454 301 1510 et
315 1452 461 1535 apertu.
479 1437 592 1533 Signo
609 1450 732 1509 autem
748 1435 823 1506 hoc
843 1439 906 1508 usi
927 1434 1092 1513 fuerant.
1108 1442 1158 1510 Str

163 1560 350 1659 perierem
366 1556 490 1625 ovium
507 1553 725 1651 palpebram
735 1554 982 1645 attollentes,
997 1568 1036 1630 et
1051 1574 1157 1631 eorum

163 1702 246 1775 quac
269 1688 356 1746 sunt
380 1672 491 1742 oculo
522 1672 781 1776 circumjecta,
806 1671 989 1745 colorem
1017 1675 1156 1748 animad·

161 1808 367 1879 vertentes,
390 1816 434 1862 ex
456 1789 574 1860 rubro
598 1813 721 1877 sanas,
749 1814 793 1860 ex
816 1790 957 1864 albido
990 1788 1156 1868 morbidtt

161 1917 463 1996 internoverant3
482 1909 533 1978 sic
545 1910 725 2004 quonium
739 1930 884 2006 corpus
902 1913 1100 2010 reliquum
1108 1912 1155 2012 pill

161 2028 402 2128 operiebant,
425 2025 525 2095 nuda
545 2023 592 2094 ab
617 2023 676 2096 his
695 2026 777 2096 loca
796 2050 881 2097 non
905 2052 1023 2102 secus
1041 2054 1082 2102 ac
1100 2052 1154 2100 ne·

160 2148 234 2220 dici
258 2144 388 2216 faciem
415 2143 554 2225 solent,
577 2141 966 2240 contemplabantur,
991 2147 1103 2246 idque
1122 2166 1154 2217 eo

158 2267 308 2352 utilius,
337 2286 414 2359 quo
444 2260 552 2356 plura
581 2259 636 2330 ibi
662 2274 698 2331 et
725 2266 1002 2359 conspectiora
1030 2262 1154 2338 vascula

157 2384 381 2456 luculentius
410 2379 601 2477 sanguinis
625 2392 794 2448 naturam
827 2382 1063 2456 ostendunt.
1090 2380 1154 2454 Nol

157 2501 236 2572 haec
249 2525 319 2596 ego
336 2520 530 2569 narrarem
551 2495 636 2582 tibi,
656 2497 728 2566 nisi
744 2496 1155 2599 Bocrhaavium(1)ur

157 2640 226 2718 per
239 2617 429 2692 vidissem,
447 2615 565 2703 idem,
585 2629 626 2684 ut
642 2615 801 2711 opinor,
821 2616 984 2714 signum
1009 2618 1155 2691 indicat*

156 2755 232 2810 tem
260 2751 297 2806 et
312 2734 448 2804 diserte
474 2759 494 2802 a
516 2733 737 2804 veterinaria
752 2731 951 2807 medicina
973 2737 1025 2808 ad
1049 2732 1156 2808 hunt·

155 2880 242 2926 nam
269 2851 545 2937 traducentem,
568 2852 620 2922 sic
642 2864 684 2921 ut
702 2852 838 2921 tunice
861 2851 1041 2945 aduatae,
1059 2870 1094 2929 et
1115 2872 1155 2924 ct·

155 2972 320 3065 runctrlae
348 2969 448 3039 oculi
472 2967 612 3065 pallido
642 2967 768 3039 colore
794 2972 1020 3066 significet!
1045 2970 1155 3046 docnt

156 3106 339 3189 aquosam
359 3085 661 3178 cucochymiam,
687 3096 722 3156 et
746 3106 832 3156 cum
860 3098 1093 3186 sangninem
1111 3100 1154 3159 lu*

156 3209 262 3279 brom
276 3206 454 3296 deficere;
478 3229 523 3273 ex
537 3203 602 3274 illo
623 3205 731 3302 signo
749 3208 1028 3301 cognoscimus
1048 3208 1156 3281 adue

31 3336 40 3363 '
156 3331 245 3400 vitta
264 3328 390 3393 omnio
408 3340 495 3419 quae
513 3321 611 3391 bunc
625 3322 808 3414 defectum
822 3340 1053 3420 sequuntur.
1066 3332 1154 3399 Certe

6 4144 129 4225 z's

154 3442 263 3541 plura
277 3440 415 3511 horum
426 3439 553 3510 adesse
570 3455 747 3537 possunt,
769 3444 936 3512 autnon
954 3446 1080 3517 multo
1088 3450 1155 3542 pasl

153 3558 346 3656 consequi.
371 3559 430 3628 Sic
446 3559 545 3628 inter
570 3578 631 3629 eas
650 3580 738 3628 oves
762 3580 898 3654 quasa
920 3578 987 3634 me
1012 3582 1059 3636 eo
1077 3576 1153 3634 ten·

776 3769 787 3773 ..

162 3926 440 4011 appeterent-ad
451 3920 543 3986 instit,
564 3920 662 4001 5868.
