2580 4514
192 359 260 405 ΗΒ.
282 356 336 403 111.
355 357 401 402 DE
420 352 555 403 MORBIS
573 352 743 418 tuntum,
761 355 873 404 Ertsr.
892 358 1043 406 xxxvm.
1072 333 1139 436 591

140 498 236 574 pore
256 474 443 569 inspectas
458 469 558 557 dixi,
577 493 654 539 una
673 465 764 556 fuit,
791 495 872 566 quae
891 475 958 544 etsi
977 499 1057 547 uon
1070 500 1143 550 me*

140 593 230 689 liori
246 591 436 687 jecinore,
456 612 570 685 quarn
590 602 744 674 eaeterae,
765 612 835 659 nec
858 591 983 662 minus
1002 592 1143 690 hydrod

140 712 247 809 pica;
266 707 492 807 praepinguis
512 721 591 778 erat
609 722 755 794 tamen,
775 707 942 804 alboque
964 726 1001 782 et
1021 713 1143 785 solido

139 829 253 927 adipe
269 840 499 923 omentoque
512 823 784 921 pulcherrimo.
793 825 941 897 Scilicet
955 832 1144 904 recentior

139 946 232 1018 huic
242 957 321 1016 erat
333 942 489 1015 morbus
503 968 511 1010 :
529 939 633 1041 quod
647 940 678 1011 si
692 966 779 1012 cum
794 942 859 1013 illo
874 944 1018 1016 tamdiu
1032 949 1144 1022 vixis-

139 1078 199 1136 set
210 1116 220 1151 ,
233 1085 346 1159 quam
359 1075 516 1147 caeterae,
532 1059 659 1129 minus
670 1058 832 1156 pulchro
844 1079 1015 1152 omento,
1033 1081 1144 1162 atque

138 1180 254 1279 adipe
263 1176 392 1251 brisset
405 1176 568 1275 praedita.
577 1175 632 1250 Ad
641 1178 763 1276 prima
776 1179 876 1250 cuim
886 1181 974 1252 vitia
985 1181 1144 1256 subinde

136 1299 214 1371 ulia
228 1313 340 1396 atque
355 1296 427 1368 alia
440 1293 641 1381 accedunt;
656 1295 749 1365 utin
763 1295 978 1388 hominum,
991 1299 1035 1370 ad
1048 1324 1145 1396 quos

138 1419 257 1490 redeo
271 1467 282 1503 ,
302 1414 544 1487 cadaveribus
556 1412 684 1485 videre
698 1429 770 1500 est,
788 1440 868 1511 quae
884 1417 1025 1490 viscera
1039 1433 1144 1490 tauto

138 1535 335 1607 vitiosiora
364 1533 592 1632 plerumque
623 1530 855 1620 ostendunt,
886 1552 1028 1631 quanto
1059 1536 1144 1610 illos

138 1653 283 1726 diutius
307 1666 371 1722 aut
390 1650 576 1747 hydrops,
594 1663 658 1735 aut
674 1648 799 1720 morbi
820 1649 1030 1752 hydropem
1053 1680 1144 1753 prae·

140 1771 320 1844 cedentes
352 1770 632 1841 maceraverint.
660 1768 866 1866 Utriusque
894 1795 1000 1846 casus
1024 1799 1143 1846 exem*

138 1889 247 1989 plum
265 1885 440 1975 afferam,
463 1900 499 1958 et
514 1888 679 1985 primum
694 1887 860 1958 secundi.

191 1984 250 2080 bo.
277 2011 463 2103 Casparus
489 2003 665 2076 Lombrid
691 2005 873 2078 Patricius
885 2010 1072 2095 Venetus,
1090 2009 1145 2081 bi.

139 2125 260 2213 boso,
274 2139 317 2195 ut
336 2138 490 2209 vocant,
504 2137 821 2219 temperamentO,
838 2124 965 2221 amplo
985 2150 1144 2224 corpore

137 2257 255 2340 atque
283 2240 459 2326 robusto,
485 2260 609 2337 eoque
637 2242 752 2337 magis
790 2241 828 2309 in
862 2243 966 2312 omni
994 2245 1145 2325 vivenda⁸

137 2383 280 2461 genere
293 2361 588 2456 praeceptionum
600 2356 829 2430 medicarum
841 2383 1015 2448 securus,
1040 2358 1143 2460 post-

137 2501 255 2578 quam
268 2501 411 2548 annum
431 2477 587 2548 excessit
610 2475 953 2573 quadragesimum,
971 2480 1085 2578 longo
1105 2497 1142 2553 et

137 2597 244 2668 vario
255 2594 390 2667 morbo
403 2609 622 2692 correptus,
639 2595 678 2664 in
696 2618 818 2691 eoque
833 2591 1142 2690 refrigerantibus

138 2714 361 2813 potionibus
372 2729 508 2813 praeter
520 2712 676 2784 modum
688 2736 795 2795 usus,
808 2737 828 2783 e
843 2712 979 2783 morbo
989 2715 1144 2811 quidem

139 2833 276 2917 evasit,
297 2832 363 2904 sed
378 2846 510 2903 ventre
528 2830 947 2928 aliquanto'tumidiore.
965 2833 1039 2922 Qui
1058 2852 1144 2904 cunt

139 2948 397 3022 remediorum
417 2970 490 3047 ope
517 2949 782 3037 detumuisset,
801 2949 895 3019 nihil
915 2970 1144 3048 magnopere

140 3066 275 3143 babuit
301 3067 701 3155 animadvertendum,
731 3067 853 3138 donec
888 3066 960 3136 alvi
990 3069 1144 3164 quidam

116 3209 122 3224 ·
139 3183 264 3257 fluxus
279 3209 473 3256 recurrere
487 3206 556 3282 per
572 3183 783 3272 intervalla,
799 3209 869 3254 nec
880 3185 960 3255 sine
968 3187 1147 3258 violentia

139 3300 343 3401 aliquando
371 3315 581 3400 coeperunt.
597 3300 653 3373 Ab
680 3300 739 3373 his
756 3301 851 3386 siu's,
879 3327 962 3398 quae
975 3304 1146 3402 alioquin
1193 3378 1216 3391 ,,

139 3423 212 3522 ipsi
231 3421 339 3519 quasi
358 3422 486 3491 innata
503 3435 598 3508 erat,
622 3417 851 3516 augebatur,
874 3421 991 3492 urinae
1004 3438 1147 3513 autem,

139 3560 224 3639 quoe
241 3561 378 3635 magna
399 3538 507 3635 copia
533 3534 644 3608 reddi
668 3534 862 3624 solebant,
883 3552 975 3608 tuuc
1006 3554 1148 3637 satura·

137 3659 288 3732 tissima
318 3654 421 3728 factae
452 3653 732 3727 minuebantur.
758 3655 866 3726 Vires
890 3669 1016 3727 tamen
1052 3657 1148 3729 nihil

136 3776 358 3860 detrimenti
369 3773 577 3872 capiebant,
592 3773 715 3845 donec
727 3772 826 3845 circa
837 3774 1155 3871 extremam.hye-'

135 3914 241 3969 mem
259 3896 349 3966 anni
373 3914 486 3992 1722,
505 3895 572 3992 qui
589 3908 669 3966 erat
682 3893 800 3964 atatis
810 3892 892 3987 ejus
905 3890 1148 3991 quadragesi·
