2580 4514
160 384 237 434 mr.
263 384 319 434 m.
348 379 394 432 ur
419 380 745 446 nonsummum,
771 384 883 431 musr.
906 383 1027 430 xxxiv.
1053 351 1128 446 245
1216 428 1220 433 .

119 498 252 587 rendi3
271 513 372 569 certe
389 494 542 593 quidem
563 493 656 566 alius
674 495 747 566 alio
767 494 909 568 doloris
930 495 1127 594 impatien-

119 617 192 686 :ior
208 630 285 703 est,
305 629 342 685 et
359 613 429 684 alia
446 614 484 682 in
498 613 571 683 alio
584 665 594 700 ,
607 635 648 682 ac
664 613 781 711 magis
794 614 994 710 minusque
1009 612 1129 710 gravis

119 726 266 803 doloris
281 753 409 818 causa3
424 745 465 801 ut
479 729 635 831 minime
651 730 817 827 proclive
831 731 888 818 sit,
901 746 984 801 uter
999 753 1129 801 revera

119 850 261 945 najori
273 844 496 946 torqueatur
513 849 681 918 cruciatu
696 848 881 919 statuere:
902 845 1003 919 unde
1017 849 1129 919 etiam

119 965 279 1038 t'ortasse
296 965 366 1038 fuit
392 990 459 1037 cur
482 965 666 1054 Galenus,
694 968 800 1062 cujus
821 965 997 1038 adversos
1030 966 1130 1038 inter

119 1109 151 1156 ie
175 1085 288 1156 locos
309 1080 509 1156 conciliare
531 1075 654 1154 studit
671 1084 880 1170 Ballonius·‚
904 1085 1000 1154 sicut
1017 1084 1056 1152 in
1072 1085 1130 1154 Se·

119 1203 314 1300 pulchreti
343 1192 507 1275 sectione
530 1200 607 1273 ‘hac
635 1203 691 1295 (ι)
716 1203 835 1301 vides,
863 1201 953 1272 alibi
980 1200 1130 1287 iliacos,

119 1320 211 1392 ilibi
247 1321 386 1392 colicos
430 1320 780 1392 vehementissimos
813 1344 891 1391 esse
930 1319 1128 1417 scripserit.

119 1440 176 1509 De
200 1439 348 1508 vomitu
361 1453 486 1508 autem
498 1491 508 1525 ‚
522 1462 635 1535 quem
650 1438 688 1508 in
702 1437 774 1510 iilis
789 1439 907 1535 magis
921 1435 1131 1507 violentum

119 1568 241 1652 atque
257 1553 447 1625 assiduum
470 1578 548 1626 esse
567 1554 714 1644 docuit,
731 1571 831 1627 recte
845 1556 884 1623 in
904 1552 1132 1652 Sepulchre-

119 1684 163 1743 to
184 1671 242 1768 (2)
259 1694 323 1742 eos
343 1658 484 1759 colicos
506 1670 656 1744 dolores
682 1674 802 1771 excipi
827 1672 1014 1763 invenie&
1036 1696 1131 1770 quo-

120 1814 214 1861 rum
234 1787 340 1860 sedes
355 1789 450 1859 sitin
468 1815 514 1861 eo
534 1791 608 1861 coli
625 1805 744 1862 tractu
759 1791 823 1888 qui
837 1787 1035 1861 ventriculi
1048 1786 1132 1859 fun-

122 1906 223 1979 dum
243 1907 438 2003 contingit.
457 1911 501 1978 Et
521 1933 569 1978 ne
590 1907 742 2005 longius
759 1906 806 1978 ab
826 1907 1071 2006 Sepulchreto
1095 1921 1132 1978 te
1210 1894 1213 1899 ¹

123 2024 337 2113 abducam,
361 2050 406 2095 ex
423 2024 555 2096 eodem
577 2025 631 2122 (3)
648 2027 786 2123 pariter
803 2025 999 2097 'admoneri
1025 2040 1133 2122 pote·

123 2145 200 2232 ris,
239 2167 352 2240 quam
380 2167 474 2247 saepe
509 2128 792 2240 exceptionibus
829 2128 1065 2231 obnoxium,
1098 2158 1135 2214 et

124 2277 332 2362 propterea
348 2258 455 2331 fallax
474 2260 567 2330 illud
587 2286 742 2360 quoque
768 2263 916 2359 signum
939 2264 1011 2334 sit:
1030 2261 1134 2360 quod

125 2379 281 2451 videtur
311 2372 480 2477 alioquin
500 2377 753 2478 praecipuum‚'
771 2382 912 2479 quippe
939 2405 959 2450 a
984 2379 1136 2452 sedibus

129 2498 224 2597 ipsis
260 2498 419 2594 petitum
451 2498 635 2568 tenuioris
664 2498 919 2596 pleniorisque
940 2496 1133 2570 intestini.

130 2615 324 2686 Francisci
353 2615 453 2686 enim
481 2614 593 2709 Sylvii
613 2614 728 2686 verba
754 2616 918 2712 reperies
946 2613 1136 2702 docentis,
1210 2674 1223 2699 ,

131 2757 237 2831 soepe
253 2731 309 2801 ad
328 2730 541 2802 umbilicum
566 2758 683 2830 usque
708 2747 744 2804 et
770 2731 999 2831 quandoque
1024 2756 1139 2828 usque

132 2849 189 2921 ad
203 2855 367 2922 vesicam
398 2854 532 2945 insigni
559 2853 734 2942 anfractu
749 2875 822 2948 per
841 2848 1002 2919 medium
1020 2847 1138 2920 abdo-

132 2993 218 3039 men
239 2966 344 3039 volui
357 2967 477 3038 colon.
497 2967 609 3057 Quod
629 2969 660 3039 si
677 2993 809 3042 verum
824 2983 903 3054 est,
925 2976 1010 3036 cum
1028 2990 1138 3038 suum

130 3084 208 3156 hoc
222 3084 348 3155 locum
361 3083 525 3174 deserat,
545 3087 717 3158 tenuium
732 3102 857 3157 autem
872 3085 1139 3181 intestinorum

132 3216 317 3299 occupet;
330 3202 513 3301 intelligis
526 3204 637 3301 plane
654 3229 768 3304 quam
787 3201 863 3277 falli
878 3203 1006 3300 possit,
1023 3204 1054 3273 is
1073 3203 1140 3300 qui

134 3318 289 3392 sedibus
309 3319 379 3391 hac
400 3320 445 3390 >in
472 3346 513 3392 re
533 3322 740 3420 plurimum
771 3321 936 3392 tribuat.-
952 3321 1140 3392 Nimirum

134 3463 215 3510 non
235 3438 290 3507 illi
308 3436 430 3509 solum
452 3454 542 3511 tunc
563 3440 799 3539 decipientur
829 3463 925 3536 quos
951 3437 1144 3534 redarguit

175 3742 221 3822 (1)
243 3744 344 3802 Schol.
357 3746 424 3840 πάις
441 3744 472 3817 5,
492 3746 557 3802 obs.
572 3744 599 3802 5.

177 3840 222 3920 (α)
244 3840 344 3901 Schol.
362 3847 400 3902 ad
414 3850 430 3916 S
445 3865 479 3918 n,
494 3846 559 3903 obs.
576 3844 614 3905 25
625 3846 657 3902 in
669 3845 718 3906 fin.

123 4034 125 4039 Ι
177 3942 222 4023 (3)
246 3941 350 4002 Schol.
367 3945 405 4003 ad
420 3946 484 4005 obs.
499 3954 548 4015 [μ.
