2580 4514
190 401 260 447 mn.
283 399 340 448 ιιι.
368 400 415 448 ns
440 398 576 448 uotiuis
594 398 766 463 vaurms,
790 399 902 449 urusr.
925 401 1045 449 xxxrv.
1076 378 1147 476 ²⁵9

137 530 206 588 eut
224 513 349 589 tribus
366 526 565 611 postquam
591 512 699 584 cibus
716 529 888 610 sumptus
905 511 1028 587 fuerat
1044 515 1149 592 horis

138 631 353 730 ingruebat.
383 630 515 702 Pulsus
536 653 606 701 uec
626 626 827 727 frequens,
849 657 919 704 nec
944 632 1148 731 digitorum

91 832 93 836 ¹
139 749 331 848 pressiori
355 747 511 819 minime
538 747 734 831 resistens,
762 772 900 847 parvus
920 766 998 823 erat
1019 751 1146 840 valde,

139 868 331 964 praecipue
341 890 362 936 a
374 865 541 952 vomitu,
558 866 758 961 minorque
772 863 886 937 fiebat
898 867 938 938 in
951 866 1040 939 dies.
1052 873 1148 944 Cum

139 997 316 1056 enemata
340 981 438 1053 nihil
455 981 702 1080 proficerent,
718 980 776 1053 bis
799 982 907 1055 datus
928 996 983 1055 ost
1001 1008 1149 1056 mercu-

139 1101 221 1172 rius
235 1100 284 1172 ad
294 1099 494 1171 drachmas
505 1099 615 1187 duas,
629 1099 794 1196 primum
808 1097 965 1186 frustra,
981 1100 1148 1173 secundo

136 1233 337 1291 antemon
359 1241 447 1289 oum
472 1213 627 1303 effectu,
655 1229 698 1286 ut
725 1216 828 1295 alvus
844 1231 901 1288 ter
918 1215 1148 1310 solveretur,

138 1335 260 1407 semel
286 1333 441 1433 quidem
458 1350 570 1431 atque
595 1333 732 1405 iterum
760 1335 888 1405 solidis
906 1336 1148 1408 recrementis

137 1450 318 1548 dejectis,
342 1453 457 1522 tertio
475 1448 750 1539 autemlluidis.
780 1453 855 1522 Nec
877 1449 1158 1526 detrimentum

138 1567 270 1643 afferri
287 1593 333 1641 eo
354 1569 525 1643 remedio
539 1570 661 1639 visum
678 1584 743 1641 est.
760 1569 898 1640 Mulier
912 1584 1037 1641 tamen
1054 1567 1148 1644 bora

138 1686 294 1758 circiter
323 1684 547 1757 duodecima
569 1710 614 1756 ex
637 1710 714 1783 quo
733 1687 962 1759 mercurium
980 1685 1147 1761 secundo

138 1817 370 1901 sumpserat,
396 1817 546 1875 mortua
565 1818 641 1890 est,
663 1819 795 1899 quarta
816 1828 864 1875 an
889 1805 1020 1901 quinta
1046 1816 1148 1902 post·

140 1945 257 2018 quam
279 1921 443 1992 vomitus
460 1920 671 2018 inceperat,
689 1920 768 2009 die,
794 1921 887 1993 semi
907 1921 1002 1992 bora
1020 1935 1146 1997 autem

139 2063 186 2109 ex
211 2063 290 2135 quo
317 2039 519 2110 novissime
548 2055 763 2127 vomuerat3
795 2064 882 2110 cum
914 2053 995 2112 toto
1021 2038 1146 2113 morbi

137 2156 448 2252 temporcueque
479 2152 672 2227 manifesta
706 2152 820 2243 febri,
839 2180 965 2253 neque
989 2158 1147 2231 convul-

139 2272 248 2345 sione
266 2271 487 2360 laborasset,
509 2272 660 2344 dolores
692 2289 817 2345 autem
847 2274 990 2345 ventris
1016 2274 1144 2347 mode·

137 2405 219 2461 rate
235 2389 332 2465 adeo
355 2390 576 2478 tulisset,.ut
593 2390 640 2462 de
659 2389 718 2461 bis
733 2390 827 2462 nibil
846 2390 1007 2462 habeam
1029 2391 1145 2469 adno-

140 2521 274 2580 tatum.

188 2623 404 2699 Abdomino
421 2627 542 2698 inciso
556 2649 599 2696 ac
617 2623 792 2712 diducto,
817 2624 914 2697 odor
939 2628 1060 2722 gravis
1083 2638 1145 2699 cx·

135 2744 224 2815 titit.
243 2744 421 2840 Jejunum
435 2745 656 2815 intestinum
676 2758 713 2814 et
729 2743 791 2814 ilei
807 2743 977 2840 proxima
992 2767 1076 2839 pars
1089 2767 1148 2817 ea·

137 2858 229 2932 dem
246 2885 328 2957 quae
347 2862 493 2932 vomitu
516 2858 746 2955 ejiciebatur,
768 2860 1018 2930 materiatota
1036 2875 1144 2935 eraut

139 2975 315 3053 distenta.
329 2978 396 3050 llei
407 2991 530 3049 autem
547 3001 632 3076 pars
647 2977 788 3074 reliqua
799 2993 835 3048 et
847 3001 967 3049 crassa
978 2991 1144 3050 contrrc·

140 3106 192 3164 ta.
221 3095 399 3190 Jejunum
417 3093 643 3192 quibusdam
667 3096 705 3164 in
732 3093 822 3166 locis
846 3094 1062 3166 distinctum
1090 3121 1145 3173 se-

140 3209 312 3285 cundum
329 3211 606 3309 longitudinem
623 3213 721 3283 striis
732 3212 891 3284 vividius
905 3212 1143 3305 rubentibus,

139 3327 182 3401 in
206 3329 348 3400 caeteris
368 3327 529 3410 rubebat
556 3354 600 3400 ex
627 3327 752 3416 fusce,
778 3343 821 3400 ut
849 3329 962 3400 ileum
991 3344 1146 3427 quoque

140 3439 260 3518 lerme
281 3443 435 3543 ubique.
456 3445 528 3519 Sed
546 3445 620 3516 boc
639 3472 719 3538 non
737 3448 786 3516 ita
804 3446 996 3544 proculab
1012 3449 1145 3544 jejuno

140 3562 265 3635 multo
299 3565 448 3660 gravius
484 3561 659 3636 affectum
693 3565 903 3636 invenimus
933 3565 981 3634 ad
1010 3565 1146 3663 digitos

139 3695 219 3752 tres
233 3695 299 3752 aut
312 3696 501 3777 quatu0r3
518 3707 631 3780 quam
651 3681 825 3755 videlicet
835 3683 891 3754 sui
903 3697 1045 3780 partem
1058 3710 1145 3756 cum
1252 3694 1255 3700 ’

139 3822 293 3870 annexo
310 3784 536 3877 meseuterio
550 3801 589 3871 in
604 3800 745 3872 herniae
756 3799 944 3872 inferioris
959 3802 1147 3903 sacculum

139 3914 370 3989 immittebat
383 3934 577 3992 curvatum
591 3920 630 3990 in
649 3942 757 3992 arcus
770 3918 938 3991 modum.
953 3923 1037 3989 Haec
1046 3921 1148 3991 enim

262 4038 266 4051 ,
917 4036 977 4129 ¹7*
