2580 4514
300 283 310 312 t

148 376 219 425 tm.
240 376 296 425 nr.
323 378 371 426 nr
390 377 526 428 uonms
541 378 711 445 vaurms,
732 383 843 432 rrrsr.
864 386 1001 435 xxxvrr.
1028 363 1098 455 413

97 493 189 567 lo're.
208 497 336 567 Cessat
350 493 544 567 convulsio
560 522 568 566 :
587 495 653 570 sed
667 522 764 596 aeger
774 501 881 597 quasi
896 526 1101 601 soporosus

97 611 215 707 jacet,
240 612 301 681 vix
332 635 371 685 sc
399 627 540 699 movet,
574 613 817 713 admotasque
848 619 1101 696 cucurbitulas

97 729 240 801 sentire
258 727 320 798 vix
340 727 515 801 ostendit.
536 731 815 829 Respiratione‚
831 734 904 806 nisi
917 737 1021 833 quod
1040 741 1099 810 in·

97 843 253 919 terdum
266 846 486 944 suspiriosa,
499 848 606 944 quasi
617 849 777 920 naturali
789 849 973 924 utebatur.
986 857 1100 945 Quar-

97 976 144 1043 to,
157 977 350 1035 transacto
371 961 451 1050 die,
469 962 572 1036 obiit.
595 969 734 1037 Ventre
754 970 1027 1064 aperto,jecur
1042 974 1100 1042 iu·

97 1095 257 1153 ventum
274 1097 329 1153 est
337 1078 535 1153 flaccidum
552 1097 588 1154 et
598 1082 645 1153 ad
657 1081 908 1180 subpallidam
920 1111 1098 1185 vergens:

97 1200 133 1271 ln
153 1198 239 1294 ejus
262 1197 423 1271 vesicula
449 1196 800 1298 bilis-subobscura.
827 1205 871 1272 In
889 1206 1098 1277 ventriculo

97 1315 256 1389 materia
269 1314 547 1413 ejusdemmodi
569 1339 611 1413 ac
642 1318 852 1391 novissimis
878 1318 1028 1410 diebus,
1056 1338 1099 1394 ut

97 1416 244 1505 lictum
263 1447 334 1522 est,
355 1447 594 1504 evomuerat:
614 1433 653 1503 in
672 1433 799 1505 tunica
823 1435 903 1530 ejus
920 1437 1099 1510 interiore
1148 1507 1152 1525 ,

97 1550 198 1635 circa
220 1546 404 1623 orificium
432 1550 624 1622 sinistrum
646 1550 798 1647 disjecta
825 1553 931 1649 quasi
959 1569 1099 1652 puncta

97 1663 285 1739 rubentia,
305 1665 431 1739 Multae
451 1682 575 1746 autem
593 1666 654 1742 hic
673 1665 749 1738 illic
769 1693 838 1767 per
854 1685 1024 1742 ventrem
1036 1674 1099 1742 mi·

97 1784 209 1859 mmae
225 1783 408 1884 glandula
423 1810 444 1856 a
470 1800 663 1883 stagnante
691 1788 872 1886 sanguine
889 1786 1116 1875 inflamma-2:

97 1916 149 1975 nc.
165 1899 336 1973 Thorace
361 1900 530 1990 recluso,
550 1902 751 2000 pulmones
776 1929 861 1976 aere
888 1921 1096 2000 tumentes,

97 2001 119 2093 t⁴
129 2019 268 2120 pleura
285 2006 418 2107 soluti,
437 2021 467 2092 si
484 2020 668 2119 quosdam
687 2046 756 2119 per
771 2024 957 2122 sejunctas
978 2051 1097 2099 mem·

97 2136 277 2211 branulas
293 2162 412 2210 nexus
430 2138 609 2237 excipias,
622 2164 703 2236 quae
716 2140 907 2212 sinistrum
924 2141 971 2212 ad
990 2144 1096 2240 pleu-

97 2271 177 2335 ram
206 2241 491 2354 alligabantln
519 2256 728 2355 pericardio
754 2281 886 2356 parum
910 2283 1025 2357 aquae.
1052 2264 1096 2332 In

97 2372 224 2447 cordis
237 2374 455 2447 ventriculis
469 2375 619 2473 sanguis
637 2390 845 2448 concretus.
866 2379 1002 2449 Granio
1023 2381 1096 2450 cir-

97 2506 302 2580 cumsect0‚
316 2493 509 2591 incisaque
524 2491 618 2565 dura
632 2493 820 2591 meninge,
833 2495 904 2565 seri
921 2495 1095 2568 nonnihil

97 2609 261 2711 prodiit:
279 2611 326 2719 iq
339 2635 513 2684 vasorum
529 2608 828 2709 sanguiferorum
857 2636 937 2709 quae
964 2629 1096 2711 perte

97 2753 213 2803 ouem
232 2731 446 2828 meningem
468 2744 625 2828 repunt,
643 2730 872 2817 interstitiis,
886 2726 1096 2826 gelatr'nosa

97 2845 287 2945 quamdam,
306 2846 371 2919 sed
388 2832 481 2920 levis
496 2847 688 2918 concretio
706 2845 882 2918 adnotata
898 2861 975 2918 est:
994 2864 1096 2925 cere-

97 2960 210 3037 brum
225 2979 351 3037 autem
369 2963 477 3036 valde
495 2962 644 3052 laxum,
663 2989 789 3061 neque
809 2964 966 3036 omnino
992 2981 1097 3037 natu·

97 3080 166 3153 rali
179 3066 330 3166 colore',
347 3098 461 3180 quem
478 3079 631 3154 fortasse
652 3079 737 3152 bilis
759 3081 923 3152 tinctura
944 3082 1096 3155 vitiave-

97 3210 164 3277 rat.
183 3200 283 3269 Dum
300 3196 348 3278 ad
365 3196 563 3270 cerebrum
588 3196 853 3284 eximendum,
877 3198 975 3270 intra
994 3222 1095 3270 sum-

97 3338 203 3395 mum
216 3314 475 3387 vertebrarum
494 3313 629 3387 tubum
647 3314 798 3412 spinalis
818 3313 982 3386 medulla
997 3339 1096 3388 seca·

97 3428 231 3519 batur,
249 3430 296 3503 ab
314 3447 470 3504 externo
485 3431 599 3527 hujus
618 3430 790 3502 medullae
808 3433 973 3530 pariete,
989 3435 1096 3530 quasi

97 3572 143 3621 ex
156 3547 317 3622 dissecto
334 3547 496 3648 lympha·
524 3547 662 3636 ductu,
687 3538 1002 3637 serosa'ma'teria,
1024 3573 1095 3622 nec

97 3664 356 3739 brevissimum
371 3666 418 3737 ad
434 3681 605 3763 tempus,
623 3667 820 3737 emanavit.

143 3783 176 3857 3.
195 3784 295 3877 Quid
311 3785 455 3883 possint
473 3784 589 3854 animi
605 3783 909 3882 perturbationes
926 3784 967 3853 in
991 3784 1095 3882 regio

97 3901 230 3975 morbo
244 3899 464 3997 inferendo,
484 3926 571 3974 cum
583 3900 723 3975 crebrae
738 3902 779 3975 in
793 3899 980 3979 medicina
992 3924 1095 3974 exer-
