2580 4514
243 368 313 464 396
406 392 452 437 nn
478 389 623 438 sturnos
648 390 692 436 er
717 384 840 436 causis
865 388 1084 437 uonnoann
1189 396 1194 417 ι

243 505 357 600 signis
383 504 515 600 stipata
539 504 694 572 internae
719 501 884 573 thoracis
915 481 1230 589 inflammationis,

245 645 363 717 eaque
383 622 479 690 intra
493 620 640 706 decern,
659 643 707 689 an
723 619 925 690 duodecim
936 619 1023 692 dies
1037 618 1230 690 conficitur.

243 738 429 825 Cadaver,
445 736 545 809 unde
563 751 766 808 anatomen
785 736 1011 807 inchoarem
1025 762 1134 809 anno
1150 736 1233 836 1746,

242 858 282 926 in
301 857 534 954 gymnasium
548 854 693 926 illatum
706 869 779 926 est:
805 854 911 952 quod
925 856 1160 953 inspiciens,
1171 879 1235 928 can·

243 972 394 1062 didum,
413 997 536 1071 neque
568 974 726 1043 omnino
751 972 1022 1061 macilentum,
1046 998 1174 1071 neque
1194 987 1236 1043 tu·

241 1091 352 1163 midis
369 1090 529 1190 pedibus
548 1115 626 1162 esse
642 1091 730 1161 vidi.
743 1089 970 1162 Abdominis
984 1090 1154 1163 musculi
1167 1114 1234 1163 cum

241 1210 302 1280 vix
317 1208 436 1281 hiduo
452 1224 536 1308 post
559 1223 723 1279 mortem
742 1221 976 1295 secarentur,
994 1208 1120 1307 idque
1133 1209 1237 1305 janua

241 1328 299 1397 rio
314 1351 463 1412 mense,
481 1325 555 1397 laxi
569 1341 695 1414 erant,
712 1329 862 1422 imaque
879 1340 988 1422 parte
1009 1325 1062 1397 ad
1089 1326 1235 1397 colorem
1259 1320 1264 1329 ’

244 1442 475 1515 subviridem
485 1441 728 1515 inclinabant.
741 1447 879 1513 Tamen
892 1467 977 1539 quae
989 1457 1132 1515 ventre
1144 1449 1238 1515 conti·

242 1558 458 1646 nebantur,
488 1558 695 1632 secundum
723 1575 896 1631 naturam
922 1584 959 1631 se
986 1557 1237 1647 habebant3si

243 1676 322 1746 haec
347 1677 548 1775 exciperes.
575 1682 687 1748 Jecur
711 1677 880 1775 amplum
908 1675 1236 1775 praetermodum

243 1809 286 1865 ut
295 1795 376 1889 ejus
387 1794 502 1865 nimia
512 1794 733 1893 magnitudo
744 1795 785 1865 in
795 1795 968 1865 omnium
984 1790 1128 1867 oculos
1135 1792 1237 1866 statim

242 1911 473 2000 incurreret,
484 1926 520 1983 et
536 1914 711 2009 quamvis
723 1936 803 1983 non
812 1911 912 1981 malo
927 1912 1102 1985 exterius
1114 1909 1237 1994 colore,

243 2030 403 2100 interius
416 2043 541 2101 tamen
564 2054 608 2099 ex
626 2028 837 2127 subpallido
856 2025 1033 2115 fuscum,
1054 2016 1238 2123 totumque

243 2160 422 2244 praeterea
432 2148 508 2218 sive
518 2147 620 2218 intus
630 2148 723 2234 ,sive
735 2161 856 2234 extra,
873 2146 1029 2216 attentis
1041 2144 1239 2217 oculisins·

243 2279 430 2362 pectares,
449 2261 561 2337 fuscis
580 2263 807 2362 quibusdam
827 2263 978 2362 punctis
998 2262 1238 2347 distinctum,

161 2470 167 2479 ,
244 2399 280 2454 et
301 2383 448 2472 durius,
465 2408 579 2480 quam
598 2382 733 2469 soleat,
752 2380 857 2479 quod
884 2395 921 2453 et
945 2379 1099 2478 digitis,
1125 2398 1164 2454 et
1178 2376 1239 2453 cul·

242 2516 325 2589 tro,
347 2500 439 2571 dum
462 2498 701 2573 multifariam
725 2499 933 2572 secundum
959 2523 1103 2571 omnes
1130 2498 1239 2597 plagas

241 2619 472 2706 inciderem,
492 2617 749 2689 animadverti.
774 2617 817 2688 Id
840 2617 929 2687 dum
948 2613 1144 2705 facerem,
1162 2608 1239 2687 illud

243 2763 397 2836 quoque
416 2735 610 2823 adnotavi,
636 2759 826 2832 nusquam
848 2758 935 2805 cum
956 2732 1048 2805 ullis
1071 2754 1239 2806 venarum

242 2854 471 2928 sectionibus
488 2868 674 2952 punctum
690 2851 846 2950 aliquod
860 2849 997 2923 ssavum
1019 2852 1240 2950 apparuisse,

242 2972 347 3071 quod
378 2972 558 3043 nimirum
585 2966 725 3042 indicio
751 2992 829 3043 esse
858 2968 953 3040 solet
980 2970 1239 3052 ramulorum,

243 3115 340 3187 quos
366 3089 477 3161 simul
500 3103 732 3161 transversos
750 3086 946 3172 incideris,
965 3084 1141 3184 hepatici
1165 3084 1240 3157 duc·

240 3225 321 3295 tus,
342 3207 418 3278 sive
430 3205 484 3275 illi
497 3205 548 3277 ob
564 3207 775 3305 parciorem
791 3206 831 3274 in
846 3203 982 3301 hepate
993 3201 1074 3274 hoc
1090 3203 1180 3276 bilis
1193 3226 1239 3274 se·

240 3324 446 3395 cretionem
464 3324 504 3392 in
524 3348 562 3394 se
589 3318 852 3421 quadantenus
872 3317 1155 3411 concidissent,
1176 3324 1239 3393 sive

240 3443 366 3540 potius
386 3441 487 3538 quod
502 3441 580 3513 haec
598 3440 790 3539 pallidior,
811 3453 847 3510 et
864 3439 991 3508 minus
1007 3452 1099 3535 apta
1112 3437 1162 3511 ad
1179 3437 1241 3507 tin·

241 3558 405 3657 gendum
426 3574 544 3631 esset:
567 3573 603 3629 et
622 3558 766 3629 sanein
788 3556 900 3653 cysti,
916 3579 987 3653 pro
1005 3554 1112 3627 mole
1135 3554 1241 3652 hepa-

240 3678 304 3766 tis,
317 3701 430 3775 parva
442 3690 478 3746 et
492 3675 595 3763 exili,
608 3698 726 3772 pauca
737 3689 817 3763 erat
824 3672 931 3760 bins,
948 3686 986 3743 et
1001 3671 1135 3743 colore
1147 3668 1241 3769 quasi

239 3796 285 3866 ad
313 3794 506 3865 cinereum
537 3807 726 3889 vergente.
753 3793 844 3862 Lien
874 3787 994 3886 duplo
1027 3791 1154 3888 major
1183 3784 1241 3858 fuit

240 3937 355 4006 quam
372 3914 478 3999 solet,
492 3909 702 3983 secuudum
717 3932 850 3984 omnes
860 3907 1143 3999 dimensionem
1156 3918 1242 3979 cate·
