2580 4514
176 413 248 459 un.
270 413 325 457 111.
352 412 399 457 nn
418 410 554 457 nonus
571 410 741 473 vrurms,
768 412 877 457 rprsr.
899 414 1034 458 xxxvii.
1064 374 1133 475 5'4'5

123 550 173 601 ea
183 541 312 597 autem
330 524 515 594 connexio
533 536 575 592 ut
590 525 627 592 vi
648 521 771 592 morbi
787 525 826 592 in
844 525 1038 596 nonnullis
1054 523 1134 597 lue·

128 643 200 731 rit,
221 640 417 740 inquibus
439 664 565 727 casus,
584 639 687 710 velut
707 665 801 737 saepe
820 639 906 726 alia,
933 643 983 711 sic
1005 658 1041 712 et
1066 625 1135 713 no-

129 784 221 831 vam
243 760 341 830 hanc
360 758 611 830 lithotomiam
634 757 868 854 excogitandi
899 760 1136 831 occasionem

130 875 318 973 praebuit;
335 891 461 946 tamen
488 899 601 970 quam
624 899 710 944 raro
734 873 794 944 vel
812 875 852 943 in
871 874 1044 945 morbida
1070 876 1137 946 ha-

132 1018 224 1065 rum
238 993 399 1091 partium
414 992 681 1062 constitutione
696 1007 887 1079 occurrat,
900 1006 1042 1062 norunt
1055 1018 1140 1063 ana·

133 1111 286 1198 tomici;
305 1125 439 1181 etcum
456 1124 530 1197 est,
548 1134 661 1205 quam
677 1134 755 1178 non
769 1105 874 1180 facile
889 1111 934 1180 sit
948 1134 1018 1206 pro
1035 1125 1138 1181 certo

134 1228 415 1312 internoscere,
435 1227 559 1298 sciunt
584 1225 762 1323 chirurgi.
785 1227 993 1297 Novissime
1012 1227 1079 1297 etsi
1099 1229 1139 1296 in

136 1342 302 1417 secando
321 1342 415 1413 nihil
428 1358 524 1414 esset
544 1344 721 1439 periculi3
739 1368 832 1412 num
847 1344 885 1412 in
903 1342 1140 1441 persanando

135 1459 237 1531 nihil
253 1463 323 1533 erit
341 1458 569 1532 difficultatis
585 1460 599 1529 t
614 1465 707 1531 Sunt
724 1475 809 1532 aitte
830 1461 961 1532 oculos
972 1462 1140 1559 exempla

136 1575 365 1650 feminarum
389 1580 524 1666 trium,
554 1578 801 1648 Bononiensis
825 1577 897 1674 (1),
919 1576 1142 1650 Francolur·

138 1697 258 1768 tensis
283 1695 359 1794 (α),
388 1696 643 1794 Gottingensis
668 1693 743 1792 (3),
773 1695 911 1791 quibus
938 1710 1085 1767 tumore
1102 1700 1141 1767 in

137 1815 341 1912 epigastrio
357 1813 515 1915 obortu,
535 1838 654 1909 eoque
672 1827 750 1883 arte
767 1828 831 1883 aut
851 1830 983 1911 sponte
1000 1830 1142 1913 apert0,

137 1931 228 2003 illac
246 1933 373 2027 cystici
390 1930 522 2001 calculi
537 1930 771 2027 prodierunt.
792 1933 953 2002 Primam
971 1957 1144 2030 persana·

137 2063 218 2121 tam
238 2049 342 2146 lego,
367 2049 473 2120 alteri
486 2047 648 2120 fistulam
666 2049 854 2136 relictam,
871 2074 940 2147 per
960 2076 1073 2146 quam
1089 2066 1143 2122 te·

140 2168 231 2241 nnis
243 2180 279 2238 et
295 2166 495 2263 chymosus
510 2165 684 2262 quidem,
706 2165 769 2235 sed
772 2169 899 2261 flavus
917 2167 1054 2236 humor
1067 2167 1145 2239 des-¹

137 2285 238 2357 tillat
256 2311 264 2354 :
287 2287 402 2355 tertiae
417 2284 546 2370 ulcus,
565 2282 669 2378 quod
685 2306 772 2351 cum
790 2284 892 2353 sanie
908 2283 1070 2354 calculos
1083 2311 1145 2354 su-

138 2400 255 2474 binde
261 2400 401 2493 felleos
429 2402 574 2472 emittit.
608 2404 697 2488 Quae
724 2399 852 2469 ultima
882 2400 1038 2470 historia
1066 2400 1145 2472 chi·

138 2543 279 2616 rurgos
299 2532 421 2616 potest
448 2519 488 2587 in
512 2516 784 2588 dubitationem
815 2516 1019 2604 adducere,
1046 2517 1146 2588 clau-

139 2634 363 2709 dendumne
388 2653 518 2734 postea
537 2635 670 2704 vulnus
690 2636 754 2714 sit,
777 2636 833 2702 an'
845 2647 1003 2731 propter
1026 2659 1146 2705 novo-

137 2778 229 2825 rum
257 2752 422 2850 lapidum
450 2767 592 2822 metum
610 2776 686 2820 non
706 2754 863 2822 omnino
883 2750 1144 2822 claudendum.

136 2874 229 2944 Non
246 2895 305 2942 me
323 2871 474 2968 quidem
491 2867 608 2967 fugit,
630 2885 832 2966 antequam
864 2884 992 2940 tumor
1015 2894 1147 2942 omnes

138 2989 376 3087 antepositos
389 3002 549 3084 occupet
564 2987 768 3069 musculos,
782 3002 819 3057 et
834 2986 1148 3083 suppurationem

138 3106 217 3179 late
236 3121 404 3192 moveat,
429 3122 466 3176 et
492 3104 687 3174 cuniculos
707 3104 778 3174 sibi
804 3129 875 3200 pus
897 3102 1026 3190 faciat,
1046 3119 1149 3175 tanta

140 3225 339 3322 diligentia
377 3221 660 3317 industriaque,
693 3237 736 3293 ut
766 3223 806 3290 in
844 3217 1149 3292 Francofurtensi

138 3342 325 3428 muliere,
358 3338 571 3423 curand053
613 3363 692 3407 non
730 3364 813 3427 me,
842 3340 1019 3434 inquam,
1055 3336 1150 3435 fugit

117 3502 122 3511 ν
138 3485 228 3534 rem
248 3474 339 3530 tunc
358 3457 489 3528 cedere
508 3453 651 3528 felicius
670 3453 807 3526 debere
823 3457 1024 3526 vesiculam
1048 3453 1148 3526 ferro

181 3760 230 3838 (1)
251 3759 321 3816 Vid.
335 3761 454 3814 Taccon
469 3736 558 3831 supra
570 3755 608 3810 ad
622 3774 652 3808 n.
669 3753 703 3809 16
718 3753 766 3809 cit.

182 3862 195 3937 (
252 3864 318 3916 Act.
336 3861 375 3915 N.
389 3860 421 3916 C.
438 3870 508 3913 tom.
524 3860 556 3927 6,
574 3857 638 3914 obs.
654 3855 701 3930 69.

197 3881 215 3917 α

181 3960 230 4040 (3)
251 3960 360 4018 Haller.
373 3978 475 4036 opusc.
490 3954 603 4036 pathol.
623 3955 688 4012 obs.
704 3955 741 4012 33
749 3995 759 4028 ‚
777 3951 846 4010 hist.
859 3953 887 4010 8.

218 3857 229 3938 )

218 4065 258 4150 4.,
985 4047 1030 4120 35
