2580 4514
183 424 336 474 unm.
364 425 410 472 ns
437 425 1033 488 uonmsvnnrms,nr1sr.xxxvr.
1063 405 1137 505 373

132 555 263 625 sexto,
287 543 579 635 capite-quinto,
607 537 779 607 videlicet
803 562 1009 635 compresso
1041 544 1139 626 liene

134 655 386 727 ventriculum
411 655 547 752 repleri
565 660 761 749 sanguine,
779 661 845 750 qui
851 680 926 752 per
942 685 1012 729 vas
1031 662 1140 732 breve

135 773 387 843 derivabatur.
406 774 533 868 Neque
551 776 649 842 enim
663 769 886 859 Columbus,
902 775 968 869 qui
982 777 1138 848 cadaver

138 903 330 973 secuerat,
348 887 552 985 quidquam
572 887 618 958 de
636 889 891 985 experimento
911 889 976 960 illo
993 895 1136 990 attigit,

136 1020 180 1074 ut
204 1006 272 1100 qui
294 1028 371 1074 non
397 1003 501 1101 plura
530 1004 575 1076 de
596 1030 637 1075 ea
655 1005 819 1077 sectione
840 1002 953 1077 veiha
974 1010 1137 1106 scripsit,

138 1146 253 1219 quam
274 1146 355 1217 quae
372 1123 410 1190 in
431 1121 675 1218 Sepulchreto
701 1121 761 1218 (t)
780 1122 975 1219 leguntur:
996 1140 1032 1195 et
1052 1125 1138 1196 Val-

138 1236 298 1322 verdus,
323 1239 387 1332 qui
406 1239 547 1333 attigit,
570 1238 613 1307 iis
638 1237 759 1308 verbis
776 1263 863 1310 usus
883 1253 956 1325 est,
975 1255 1016 1310 ut
1035 1254 1138 1310 comi

138 1378 269 1451 presso
296 1353 413 1442 liene,
444 1354 674 1426 ventriculus
708 1356 863 1427 interius
896 1380 943 1426 an
976 1359 1137 1429 exterius

137 1476 320 1566 sanguine
347 1485 578 1566 turgesceret,
608 1473 694 1541 satis
721 1473 868 1568 assequi
894 1498 970 1542 non
999 1475 1158 1570 possis,.
1186 1465 1189 1469 ¹

139 1590 235 1684 quin
261 1589 488 1676 Sanctorins,
516 1590 580 1684 qni
601 1604 802 1684 utrumque
832 1604 1024 1662 auctorem
1061 1591 1138 1662 ins-

137 1719 311 1801 pexerat,
340 1705 391 1774 sic
410 1703 609 1791 intellexit,
629 1720 670 1774 ut
693 1703 797 1801 quod
815 1707 853 1774 in
873 1705 1016 1779 scholio
1035 1707 1140 1778 vide·

136 1820 218 1910 bis,
237 1823 271 1891 ei
290 1819 463 1897 Columhi
488 1819 741 1890 observationi
769 1820 956 1917 subjectu,
982 1825 1140 1921 scripse-

136 1943 209 2009 rit:
230 1937 318 2008 dum
344 1941 658 2034 comprimebatur
670 1939 805 2036 splenis
824 1945 946 2035 regin,
964 1941 1019 2010 ad
1041 1944 1140 2037 ort'fi·

137 2053 455 2126 cium-ventriculi
469 2061 619 2149 sanguis
635 2058 884 2152 restagnubat.
905 2056 975 2127 Sed
1000 2073 1036 2129 et
1055 2057 1140 2154 plu-

136 2195 218 2260 res,
235 2195 321 2242 cum
340 2185 423 2268 post
448 2172 631 2246 immanes
654 2172 882 2270 lethalesque
905 2175 1051 2244 cruenti
1071 2173 1140 2245 hu-

137 2290 256 2372 moris
287 2303 349 2359 ant
375 2289 566 2385 sanguinis
585 2290 699 2386 ipsius
719 2292 880 2360 vomitus
908 2291 1055 2362 dissecti
1081 2315 1139 2362 es-

137 2420 241 2492 sent3
254 2404 409 2487 ¹nullum
423 2405 812 2503 quaerentibus·aperti
838 2421 900 2477 aut
926 2408 1024 2479 erosi
1046 2408 1142 2479 vasis

136 2522 322 2594 indicium
357 2523 397 2593 in
434 2522 643 2593 ventriculo
678 2521 947 2612 ostenderunt,
976 2526 1053 2595 imo
1080 2549 1142 2595 vas

139 2639 278 2728 breve,
304 2639 372 2710 etsi
390 2639 463 2710 lien
481 2663 589 2737 aequo
612 2654 706 2710 esset
729 2640 839 2737 longe
868 2641 1008 2735 major,
1033 2642 1144 2711 nimis

137 2757 254 2843 exile,
281 2770 317 2828 et
335 2756 441 2851 cujus
459 2756 603 2827 radices
632 2756 678 2826 ad
715 2756 910 2826 ventriculi
942 2760 1143 2828 exteriores

139 2874 321 2974 quidem,
346 2874 580 2944 minusvero
600 2874 797 2944 interiores
816 2875 960 2944 tunicas
981 2876 1143 2971 pertine·

138 3004 252 3063 rent:
275 2990 487 3084 cujusmodi
507 2980 787 3061 observationes
800 2992 941 3086 poteris
953 2990 1012 3061 vel
1031 2991 1069 3060 in
1082 2993 1143 3062 Se·

137 3105 342 3207 pulchreto
358 3105 411 3203 (2)
428 3107 608 3176 invenire.
629 3110 759 3202 ltaque
774 3109 923 3205 sanguis
941 3121 1003 3177 aut
1020 3105 1066 3176 ab
1086 3110 1144 3177 in-

139 3224 305 3309 testinis,
324 3223 362 3293 in
379 3248 461 3320 quae
481 3224 685 3320 erupisset,
702 3224 886 3294 deductus
899 3240 977 3312 est,
997 3240 1061 3295 aut
1074 3250 1150 3322 ,per

138 3365 229 3412 vasa
245 3340 391 3410 biliaria
409 3364 455 3409 ex
472 3339 632 3437 hepate,
661 3340 765 3435 quod
793 3341 924 3411 maluit
945 3341 1011 3412 cel.
1035 3344 1147 3412 Swie·

139 3456 271 3529 tenius
295 3455 367 3551 (3),
392 3480 475 3526 cum
506 3457 545 3525 in
574 3456 626 3526 sio
651 3472 801 3525 mortuo
826 3456 988 3527 lustrans
1013 3481 1147 3554 magna

143 3653 1149 3671 q——oe-flffl-m-
