2580 4514
131 384 204 431 rra.
231 384 287 434 111.
315 383 362 430 uu
387 381 852 443 uoanrsvrurn1s,nr1sr.
879 387 975 432 xxix.
1015 368 1062 460 49

56 522 177 595 quaea
192 522 253 568 me
276 496 346 573 tibi
364 497 454 568 alias
475 496 530 593 (ι)
548 496 732 594 descripta
757 513 821 569 est.
851 503 935 570 Duo
962 503 1063 570 enim

57 621 148 717 regri
168 643 267 716 quos
282 619 321 688 in
341 643 382 693 ea
401 619 525 715 primo
548 618 633 688 loco
651 619 857 704 nominavi,
877 628 962 691 cum
985 620 1063 692 haec

60 735 286 825 scriberem,
304 734 428 805 adhuc
441 734 631 823 vivebaut;
650 737 797 806 tametsi
817 762 881 808 eos
894 735 1064 834 quicum·

61 879 136 952 que
151 868 245 924 tunc
258 850 424 940 viderat,
440 868 477 924 et
494 853 719 922 Garavinurn
736 856 958 948 praesertim,
970 880 1065 926 mor-

60 972 116 1042 tui
141 994 258 1067 quam
283 970 379 1056 vivi,
408 967 489 1058 dies
505 970 582 1064 jam
611 969 756 1065 aliquot
781 970 998 1062 similiores;
1030 989 1068 1043 et

54 1086 242 1159 crebrum
259 1087 414 1184 insuper
426 1088 624 1182 utriusque
638 1086 846 1182 singultum
857 1087 1068 1178 audiverat,

62 1204 249 1276 continuo
269 1227 373 1301 spem
392 1228 545 1275 omnem
565 1227 697 1272 eorum
724 1203 851 1274 salutis
870 1203 1067 1299 abjecerat,

111 1327 147 1408 Δ.
164 1320 280 1410 Quod
296 1345 386 1391 vero
404 1320 451 1391 ad
468 1318 643 1390 homines
660 1319 791 1390 attinet
812 1323 1069 1412 ruminantes,

67 1463 232 1536 quorum
248 1437 417 1536 exempla
426 1451 617 1535 quotquot
627 1435 769 1534 potuit,
788 1437 939 1536 collegit
954 1443 1068 1536 Peye-

67 1582 129 1628 rus
141 1557 196 1654 (a)
209 1610 220 1644 ‚
235 1556 353 1627 etalia
372 1555 419 1626 ad
431 1557 723 1626 ruminationem
738 1557 843 1651 quasi
862 1557 1068 1654 ingenitam

38 1674 43 1682 ’
71 1687 182 1770 atque,
200 1687 425 1762 connatam,
445 1672 514 1743 alia
532 1671 579 1742 ad
599 1671 796 1772 eaecitatem
813 1680 838 1742 a
853 1672 990 1744 morbo
1012 1701 1070 1748 re·
1095 1758 1103 1773 .

70 1792 170 1878 tulit3
191 1790 357 1888 singulas
373 1789 420 1860 ad
439 1789 586 1886 singula
606 1787 684 1858 haec
710 1793 847 1886 genera
865 1789 966 1861 idem
987 1819 1072 1866 cen·
1194 1792 1197 1796 Α

72 1912 142 1982 suit
157 1910 319 1981 attinere
345 1906 625 1978 observationes
652 1906 745 1977 duas
767 1908 837 1976 viri
854 1906 1011 1997 nobilis,
1036 1927 1073 1984 et

72 2025 268 2112 monachi,
285 2049 443 2122 quarum
463 2038 663 2120 utramque
679 2023 741 2093 hic
759 2021 863 2094 vides
883 2025 924 2095 in
943 2030 1071 2125 Sepul-

74 2145 204 2216 chreto
222 2141 287 2239 (3).
304 2140 430 2212 Amhae
441 2141 579 2211 Patavii
594 2138 729 2210 habitae
743 2157 848 2229 sunt,
868 2146 1072 2242 primaeque

75 2261 372 2347 suntomuium3
387 2274 425 2329 et
437 2257 522 2329 solae
538 2271 714 2354 praetcrea
735 2282 817 2353 quae
834 2283 920 2330 cum
936 2261 1074 2334 dissec-

72 2381 172 2450 tione
189 2379 399 2472 conjunctae
416 2376 510 2446 sint:
523 2398 643 2468 unum
665 2372 728 2444 hic
754 2399 952 2474 perperam
970 2379 1074 2450 addi-

75 2510 150 2568 tum
173 2484 491 2582 estsmonctclzum
508 2490 613 2562 illum
629 2489 710 2561 duo
729 2492 901 2565 habuisse
920 2520 1071 2567 cornua.

73 2617 163 2685 llam
177 2637 303 2708 neque
319 2608 489 2709 Rhofflus
503 2608 559 2704 (4)
578 2601 616 2678 id
636 2607 784 2697 scribit,
803 2613 841 2681 in
861 2636 938 2708 quo
957 2612 1076 2684 hallu-

76 2733 223 2804 cinatur
248 2731 408 2825 Peycrus
427 2725 503 2823 (5),
528 2725 662 2795 merito
687 2726 857 2824 alioquin
874 2728 1077 2826 reprehen-

74 2847 166 2920 dens
176 2843 455 2931 Bartholiuum‚
469 2844 535 2938 qui
548 2840 602 2937 (6)
612 2840 775 2930 addidit,
796 2848 911 2942 etqui
925 2847 1078 2920 Bartho-

77 2967 195 3036 linum
216 2962 334 3035 secuti
351 2977 447 3033 sunt.
471 2964 579 3031 Certe
600 2957 789 3031 Fabricius
810 2961 857 3032 ab
880 2967 1077 3063 Aquapeu·

77 3081 187 3152 dente
204 3080 258 3178 (7)
275 3103 361 3150 cum
384 3077 559 3150 eumdem
584 3072 690 3168 illurn
721 3078 952 3151 monachum
978 3105 1077 3153 com.

178 3839 266 3898 'Ceut
284 3835 317 3906 5,
332 3831 400 3890 hist.
414 3843 492 3888 anat.
507 3829 556 3886 61.

177 3945 222 3998 Dc
234 3936 362 3998 ventric.
376 3935 492 4004 intest,
505 3939 561 3987 etc.
575 3928 628 3989 ubi
642 3927 678 3983 de
692 3928 796 3985 variet.
809 3935 934 3991 ventrio.
948 3937 980 3991 in
992 3937 1043 3998 fin.
