2580 4514
185 347 256 392 xra.
285 343 342 390 111.
371 342 417 388 ux
443 339 579 387 uoxms
599 338 767 403 vaurms,
793 338 1045 390 rrrsr.xxxv1.
1074 322 1143 420 367

136 462 233 532 riam
251 457 481 554 subjecimus
499 452 576 551 (1),
596 451 691 529 nihil
710 452 863 550 quidem
883 453 929 525 ad
948 459 1027 553 ejus
1040 483 1145 530 com-

137 578 377 678 plementum
393 600 437 645 ex
448 572 627 644 Valsalvae
648 571 909 643 observatione
929 575 1146 650 addendum
1220 640 1224 646 .

138 710 327 795 superest,
336 708 534 792 postquam
545 691 618 761 hoc
627 690 695 761 tibi
707 691 746 759 in
757 690 828 760 alia
837 693 1052 792 epistola(a)
1062 699 1148 770 satis

138 814 421 911 descripsimus.
432 810 531 882 Illud
542 810 668 907 potius
683 834 703 879 a
721 833 781 879 me
793 806 947 882 fortasse
959 832 1147 911 expectas,

137 947 183 1005 ut
199 933 384 1030 quoniam
409 928 598 1016 vesiculae,
622 929 661 997 in
688 953 731 999 ea
756 927 912 1000 historia
936 929 1149 1032 descriptae,

138 1050 244 1120 intra
274 1073 389 1119 unam
414 1046 637 1134 maximam,
664 1045 771 1142 quasi
790 1045 888 1117 intra
919 1054 1149 1148 marsupium

139 1165 462 1254 continebantur,
475 1163 654 1236 Valsalvae
665 1163 711 1234 de
722 1163 766 1234 iis
773 1162 958 1259 judicium
975 1166 1151 1241 adversus

139 1284 364 1381 complures
386 1299 513 1368 tuear,
535 1305 708 1378 quorum·
729 1280 777 1352 ab
807 1283 916 1354 annis
946 1288 1151 1382 praesertim

139 1404 291 1502 aliquot
300 1402 430 1500 augeri
447 1399 797 1495 numerum-video,
808 1405 1044 1473 censentium
1062 1407 1154 1477 vesi·

140 1521 250 1594 colas
261 1518 651 1617 cysticistumoribus,
672 1519 786 1614 quiin
800 1520 969 1614 jecinore
993 1522 1151 1620 aliisque

138 1638 355 1712 visceribus
378 1637 570 1729 interdum
591 1651 815 1723 occurrunt,
839 1640 1152 1736 comprehensas,

141 1757 255 1830 nullo
266 1755 381 1827 modo
390 1754 437 1826 ad
450 1753 697 1853 amplificatos
709 1752 951 1853 glandulosos
965 1755 1153 1833 folliculos

142 1877 317 1949 attinere.
333 1874 428 1945 Mihi
448 1898 539 1944 vero
557 1878 681 1971 neque
699 1874 840 1970 placet,
860 1901 984 1974 neque
1002 1903 1153 1952 necesse

142 2008 204 2069 est
227 1994 269 2063 in
293 2017 381 2065 eum
409 1992 528 2064 relabi
550 2016 784 2082 sermonem,
803 1994 955 2091 quando
976 1996 1153 2068 Valsalvae

140 2110 332 2210 judicium
345 2134 424 2181 non
444 2135 487 2180 ea
506 2108 685 2180 duntaxat
699 2109 875 2198 historia,
890 2137 961 2183 nec
972 2114 1155 2210 qualium·

145 2253 314 2327 cumque
327 2228 578 2300 vesicularum
599 2226 861 2299 observatione
875 2229 1076 2301 nitebatur.
1092 2235 1154 2303 Vi-

143 2345 240 2421 dere
257 2349 369 2418 etiam
385 2362 506 2444 potes,
523 2347 842 2437 utVallisnerips,
861 2350 927 2445 qui
936 2350 1077 2446 pariter
1089 2350 1156 2422 diu

144 2481 236 2541 ante
254 2466 338 2538 illos
354 2467 514 2553 vesicas,
530 2463 706 2536 vesiculis
724 2465 805 2537 aliis
818 2463 924 2553 fetas,
942 2470 1155 2565 conspexit,

143 2586 188 2658 in
206 2609 253 2657 eo
268 2586 352 2683 ipso
368 2585 511 2681 scripto
528 2582 633 2679 quod
649 2566 739 2653 tunc
759 2583 940 2672 indicavi3
958 2608 1037 2655 non
1059 2586 1157 2657 vesi-

145 2703 253 2775 culas
272 2703 568 2801 qualescumque
586 2726 657 2799 pro
678 2700 907 2799 glandulosis
919 2699 1093 2774 folliculis
1104 2703 1158 2773 di·

145 2822 273 2894 latatis
298 2821 494 2918 acceperit.
520 2819 596 2892 Nec
620 2845 711 2890 vero
738 2821 789 2888 in'
804 2821 950 2917 cysticis
966 2819 1159 2903 duntaxat

143 2941 288 3038 jecoris
318 2937 534 3010 tumoribus
562 2937 743 3009 vesiculas
774 2937 945 3008 Valsalva
973 2934 1158 3030 offendit,

146 3081 317 3155 namque
336 3059 375 3127 in
394 3081 436 3128 ea
456 3071 580 3144 certe,
598 3081 712 3153 quam
735 3054 803 3126 tibi
821 3056 936 3152 paulo
954 3071 1039 3126 ante
1056 3081 1159 3129 com-

146 3175 270 3275 plevi,
289 3173 444 3246 historia
464 3173 582 3272 hepar
597 3188 720 3245 totum
738 3198 783 3243 ex
794 3174 968 3245 vesiculis
984 3198 1160 3272 compac-

146 3308 232 3366 tum
238 3291 553 3390 deprehenderat,
563 3315 781 3390 quanquam
791 3316 839 3362 ne
849 3294 888 3362 in
902 3293 990 3389 ipsis
1003 3292 1159 3389 quidem

148 3411 300 3507 cysticis
320 3408 488 3505 ejusdem
499 3411 652 3482 visceris
665 3405 878 3482 tumoribus
891 3426 993 3483 extra
1007 3435 1160 3482 omnem

149 3527 429 3623 dubitationem
449 3529 615 3626 positum
633 3544 709 3618 est,
729 3528 776 3599 ad
795 3528 1039 3626 glandulosos
1060 3525 1160 3629 folli-
