2580 4514
109 108 181 156 ma.
202 110 258 157 111.
286 104 804 173 rianoaa1svairru1s,ar1sr.
825 106 961 157 xxxvii.
989 78 1062 184 ,459

54 223 239 297 eumdem
248 224 294 295 sit
304 220 719 322 modum'intelligeuda.
728 210 930 297 Mihicerte
938 226 1065 299 minua

55 340 223 415 dubium
243 356 323 426 est,
352 341 445 438 quin
472 341 649 438 explicari
673 341 724 412 sic
746 344 861 439 possit
880 343 924 415 cl.
949 345 1062 416 Elleri

56 448 301 547 observatur,
330 478 467 556 quam,
497 460 646 530 sirecte
667 461 820 530 memini
841 513 851 546 ,
885 461 956 559 legi
975 476 1062 534 ante

56 577 207 674 aliquot
231 592 351 648 annos
376 578 414 646 in
432 581 483 648 IV
502 577 655 648 Miscell.
682 574 979 648 Beroliuensium
996 592 1062 649 vo‘-

57 694 217 766 lumine,
240 698 397 765 Parvum
427 695 526 765 enim
558 693 746 764 calculum
770 694 998 784 rotundum,
1025 712 1063 770 et

58 810 270 885 subflavum
289 830 402 908 quem
424 812 461 880 in
487 812 597 908 cystis
623 804 742 882 'fundo
762 827 1005 899 concretum,
1026 829 1065 885 et

58 928 305 1017 membrana,
324 955 368 1002 ex
391 929 575 1026 pelliculis
593 930 721 1000 vesica.
742 929 840 1000 itlius
858 929 1065 1026 producta,

57 1047 335 1120 tirt'tttntlatttm
351 1045 620 1144 deprehendit,
639 1044 743 1118 facile
761 1044 1007 1136 crediderim,
1024 1049 1063 1118 in

57 1152 186 1263 allqtla
200 1178 243 1236 et
255 1165 335 1260 ejits
346 1150 530 1262 glandulis
545 1165 789 1236 concrevisse.
802 1166 900 1256 Quin
916 1190 961 1236 eo
972 1184 1065 1264 quo·

58 1298 136 1382 q'ue
155 1281 310 1353 inclinat
331 1283 502 1371 animus,
524 1293 566 1353 ut
591 1279 673 1355 lieri
702 1302 811 1381 posse
836 1284 1064 1371 existimem,¹

57 1426 109 1472 ne
128 1399 477 1503 aliblcont'r'everit
498 1400 685 1488 calculus,
712 1415 754 1471 ut
775 1401 911 1472 indicia
937 1403 1065 1473 omnia

58 1517 284 1605 ostendunt,
302 1517 477 1604 hilarius,
504 1518 611 1614 'cujus
636 1536 724 1616 pars
743 1520 901 1593 crassior
922 1520 962 1590 in
987 1520 1064 1592 sa'c·-··

59 1636 150 1708 tulo
173 1634 337 1734 quodam
362 1624 498 1707 latebat
523 1635 621 1707 i'nter
648 1637 760 1733 cystis
789 1637 935 1708 tunicas
961 1660 1065 1708 com·

59 1753 276 1853 prehenso,
296 1778 381 1852 pars
400 1756 524 1825 autem
542 1754 657 1825 altera
674 1756 856 1826 cervicem
871 1758 981 1852 cystis
996 1755 1064 1826 ob·
1097 1736 1099 1741 ’

59 1870 212 1943 tltrahat
228 1873 315 1967 (t):
348 1885 491 1943 tautum
521 1870 624 1943 abest
650 1886 691 1943 ut
716 1871 976 1943 observatione
1001 1874 1064 1945 illa

59 1989 231 2089 pervinei
262 1987 413 2060 'cre'dam
442 1988 564 2060 nullas
603 1990 695 2085 cysti
729 1990 925 2086 glandulas
967 1990 1080 2066 obti·.

60 2109 168 2206 gissa.
187 2111 233 2178 Et
250 2107 399 2179 saneah
423 2107 519 2178 duro
546 2105 731 2204 ejusmodi
755 2132 958 2204 crassoque
980 2126 1064 2178 cor-

60 2238 158 2324 p'or'e'
173 2236 251 2297 uon
264 2234 387 2324 potest
405 2227 529 2296 cervix
542 2226 603 2296 illa
615 2225 784 2297 obturari
797 2227 909 2322 ,quin
928 2223 997 2296 alia
1012 2222 1030 2296 f
1047 2267 1064 2281 -

58 2338 131 2415 elle
152 2350 372 2441 p'retttantur
390 2344 500 2439 cystis
523 2341 735 2413 attionibus
759 2344 983 2428 necessaria,
1002 2340 1065 2413 au't

58 2460 234 2536 universa
248 2462 326 2558 ipsa
336 2459 382 2531 ab
394 2461 600 2530 irritatione
612 2476 651 2531 se
666 2476 704 2530 se
716 2457 913 2529 contrahat
923 2473 959 2528 et
974 2460 1063 2530 cris·

58 2588 144 2676 pet;
165 2586 206 2648 'ut
222 2578 351 2649 mirari
366 2592 496 2675 postea
511 2592 590 2648 tion
607 2588 804 2674 oporteat,
825 2576 854 2647 si
868 2577 947 2672 ejus
961 2576 1065 2674 glana

58 2692 236 2766 tl'ula'rui'n
255 2696 418 2767 secretio
432 2704 496 2765 aut
519 2693 790 2794 prohibeatur,
817 2708 880 2764 aut
900 2695 1061 2767 vitietur.

58 2817 184 2909 Atque
196 2811 325 2882 eadem
337 2808 452 2882 ferme
463 2836 483 2882 a
494 2811 605 2882 nobis
620 2810 693 2880 diei
709 2825 839 2908 putato
855 2809 901 2881 de
912 2810 1063 2882 illorum

58 2944 217 3029 quoque
233 2928 517 3029 experimentis,
534 2929 601 3024 qui
615 2930 654 2997 in
664 2930 812 2999 vivente
823 2927 939 2999 bestia
954 2932 1065 3026 cystis

59 3058 227 3118 meatum
256 3048 395 3144 injecto
421 3047 573 3121 vinculo
599 3048 916 3118 constrinxerunt.
946 3046 1064 3143 liujus

57 3166 178 3263 igitur
196 3164 390 3263 glandulas
407 3180 482 3234 non
496 3165 836 3235 comminiscuntur
846 3167 1066 3250 anatomici,

58 3282 127 3354 'sed
148 3308 193 3353 ex
209 3284 319 3356 certis
338 3291 549 3380 agnoscunt
572 3280 917 3370 observationibus,
938 3265 1064 3378 cujus·

582 3497 1066 3517 h—-n-——v—u-

96 3655 144 3734 (ι)
164 3656 241 3713 Hist.
258 3656 295 3713 de
307 3652 573 3730 tumultuator
588 3655 651 3727 So,
664 3664 712 3710 tin.
730 3650 824 3724 173⁵,
841 3651 906 3708 obs.
920 3663 999 3709 anat.
1017 3670 1042 3708 r.
1150 3637 1152 3642 ¹
