2580 4514
139 377 187 461 44
303 396 350 440 na
375 393 521 441 sanirus
546 393 591 439 ar
616 390 740 439 oausrs
766 391 975 439 noraoaun

139 513 268 606 Longe
290 509 396 579 aliter
420 507 466 579 de
486 507 548 577 illa
571 504 804 578 censendum
828 520 882 576 est
904 528 1019 600 quam
1042 529 1151 603 egre-

140 628 223 726 gius
233 628 289 696 vir
300 631 318 696 J
321 650 463 697 oannes
475 622 653 696 Grashuis
665 622 720 720 (ι)
733 621 996 720 deprehendit,
1010 647 1150 729 nempe

142 743 337 842 oesophagi
365 743 463 812 circa
486 739 654 814 medium
680 738 845 812 thoracis
869 739 1086 812 morbosam
1109 745 1149 811 in

142 885 290 932 saccum
305 859 495 930 lateralem
508 859 783 945 dilatationem,
796 883 900 955 aqua
913 857 1075 929 subinde
1086 884 1152 930 va·

141 980 275 1049 riantia
288 977 545 1076 deglutitionis
555 976 775 1076 pendebant
789 992 1049 1075 symptomata,
1067 1003 1151 1074 quae

142 1121 338 1193 nunquam
367 1098 447 1168 sine
478 1095 704 1168 dissectione
735 1094 893 1192 intelligi
926 1096 1148 1193 potuissent.

142 1214 300 1286 Litteras
318 1215 621 1312 quamprimum,
642 1213 755 1312 paulo
771 1210 925 1284 fortasse
942 1211 1153 1309 longiores,

144 1329 375 1427 expectabis,
395 1344 431 1402 et
444 1329 611 1426 valebis(
642 1329 665 1424 ).

182 1646 193 1717 l
199 1647 227 1722 1)
247 1651 315 1704 Act.
328 1649 366 1704 N.
380 1646 413 1705 C.
429 1660 451 1703 t.
465 1647 499 1718 6,
517 1648 580 1704 obs.
596 1649 642 1719 73.

161 1746 165 1753 '
181 1743 380 1822 t*)Dilatati0
394 1748 548 1824 oesophagi
559 1748 592 1804 ln
606 1766 723 1805 saccum
734 1748 895 1819 lateralem,
903 1766 993 1823 quam
1001 1749 1034 1804 in
1042 1748 1155 1805 ultimis

140 1845 511 1922 lineishujus-ceEpistolae
518 1858 664 1905 memorat
670 1852 863 1926 Morgagnus,
872 1828 914 1905 est
922 1849 1035 1923 species
1044 1848 1155 1907 herniae

142 1965 194 2004 seu
201 1947 333 2019 ramicis,
341 1949 496 2023 productae
506 1949 678 2009 membrana
690 1951 843 2026 oesophagi
851 1950 970 2006 interna
981 1969 1047 2024 quae
1052 1952 1156 2024 paula-

143 2047 198 2102 tim
208 2049 375 2124 elongatur,
385 2049 493 2106 transit
507 2049 584 2107 inter
597 2046 686 2107 fibras
695 2052 877 2108 musculares
889 2049 1024 2123 hujus-ce
1034 2051 1115 2120 tubi,
1127 2061 1156 2106 et

143 2149 185 2205 sic
195 2149 331 2206 efformat
342 2161 426 2206 extus
443 2169 560 2207 saccum
574 2149 647 2225 (seu
656 2150 877 2227 appendicem),
891 2169 1013 2220 cavum,
1023 2152 1092 2225 plus
1104 2150 1157 2206 mi-

142 2268 237 2305 nusve
249 2261 418 2321 extensum,
430 2250 515 2324 cujus
527 2251 679 2323 oscillum,
694 2252 780 2309 hians
793 2250 876 2308 intus
886 2248 1080 2328 oesophagum
1090 2292 1099 2322 ,
1110 2269 1156 2306 re-

143 2350 345 2424 ciperepotest
355 2350 438 2407 cibos
454 2361 482 2405 et
490 2362 580 2426 potus
589 2350 642 2428 qui
652 2351 869 2428 deglutiuntur,
879 2350 1022 2422 Quamvis
1034 2368 1103 2406 rara
1118 2351 1156 2406 sit

142 2447 205 2505 haec
217 2448 354 2521 affectio,
364 2461 496 2506 attamen
508 2452 587 2507 illam
599 2452 646 2508 bis
656 2451 773 2522 inveni,
786 2454 817 2507 c't
830 2469 885 2526 per
895 2450 1004 2507 multos
1018 2467 1113 2507 annos
1125 2449 1157 2506 iu

145 2548 217 2604 meis
230 2530 473 2624 praelectionibus
485 2551 627 2625 publicis,
642 2562 757 2625 partem
770 2550 828 2607 rite
841 2550 981 2607 siccatam
999 2561 1028 2607 et
1036 2566 1158 2626 ‘praepa-

82 2706 85 2711 ,
139 2659 239 2706 ratam
255 2652 445 2708 auditoribus
457 2651 698 2708 commonstrari.
722 2654 758 2707 In
779 2651 861 2708 hisce
880 2653 999 2709 duobus
1021 2652 1156 2722 casibus,

144 2750 280 2807 dilatatio
296 2752 477 2809 sacciformis
497 2754 553 2810 sita
569 2764 632 2809 erat
648 2753 679 2808 in
693 2752 965 2827 posteriore·parte
985 2749 1156 2828 oesophagi,

44 2872 47 2883 ·
141 2852 233 2925 paulo
248 2851 326 2908 infra
341 2853 543 2930 cartilaginem
558 2852 746 2909 cricoideam.
766 2853 914 2922 Ludlou·,¹
926 2849 1083 2928 chirurgus
1101 2870 1157 2907 an-

141 2952 222 3026 glus,
237 2955 404 3027 exemplum
420 2953 514 3010 simile
525 2953 616 3009 refert
630 2953 662 3008 in
676 2953 812 3009 Medical
822 2952 1023 3008 observantias
1032 2954 1096 3007 and
1104 2954 1158 3007 In-

141 3050 263 3124 qut'n'ea,
282 3062 353 3106 tom.
364 3052 381 3107 3
387 3093 398 3120 ,
406 3071 482 3126 pag.
493 3052 540 3109 85.
552 3055 588 3108 In
601 3054 694 3107 altero
713 3069 801 3122 casu,
815 3070 904 3127 quem
917 3051 979 3126 ipse
991 3070 1053 3106 non
1064 3049 1129 3106 vidi
1145 3091 1154 3121 ,

142 3151 194 3207 sed
205 3150 259 3226 qui
269 3164 325 3227 per
337 3151 450 3208 litteras
465 3153 631 3228 descriptus
647 3152 719 3224 fuit,
734 3151 869 3210 dilatatio
882 3151 1063 3208 sacciformis
1080 3170 1157 3208 oeso—

143 3249 234 3327 phagi
254 3253 383 3310 lateralis
403 3264 432 3308 et
448 3256 543 3311 multo
558 3254 685 3311 inferior
700 3264 772 3310 erat.
796 3253 984 3328 Quandoque
1000 3252 1109 3309 similes
1124 3251 1157 3306 in

145 3351 229 3426 equis
244 3345 434 3410 alterationes
447 3354 602 3430 oesophagi
626 3354 824 3429 reperiuntur.
841 3355 953 3409 Harum
968 3353 1068 3407 icones
1088 3351 1158 3408 dedi

143 3451 175 3507 in
193 3452 408 3510 Dissertatione
423 3453 609 3531 inaugurali,
628 3472 694 3528 qnae
723 3453 778 3509 sub
795 3472 862 3510 meo
881 3451 1022 3527 prasidio
1045 3471 1158 3527 propu-

146 3563 236 3627 gnata
255 3552 312 3608 fuit
328 3553 360 3608 in
376 3553 485 3609 scholis
506 3553 721 3611 Parisiensibus
740 3570 820 3608 anno
844 3552 934 3621 1804,
962 3552 1017 3607 sub
1039 3547 1075 3604 n⁰
1089 3547 1157 3605 252.

221 3736 263 3793 Ι
837 3651 966 3727 (Adnot.
979 3648 1117 3726 Editor.)
