2580 4514
131 436 199 484 LIB.
227 435 284 483 111.
314 436 361 481 DE
385 434 524 484 atonms
547 436 721 501 mimus,
747 435 859 488 urm.
887 441 1016 490 xxvul.
1049 442 1088 490 lt

83 564 123 623 ut
140 549 253 623 varia.
265 549 403 645 passim
423 549 542 620 autin
561 549 654 621 vivis
673 551 934 639 incommoda,
961 568 1026 626 aut
1051 555 1092 629 in

84 681 324 739 mortuorum
340 665 549 739 visceribus
566 667 667 751 mala
680 651 991 742 cummoustrant.
1005 674 1096 747 Pra-

84 801 184 858 terea
198 784 230 858 si
242 800 364 857 certas
373 782 558 881 quasdam
571 785 735 882 excipias
750 809 864 882 quam
876 788 1095 879 rarissimas,

84 927 220 1002 easque
229 904 308 1000 jam
320 900 823 1000 indeaprimordiis-inditas
832 901 1098 977 conformatio·

84 1046 161 1109 ues,
172 1035 264 1119 puta
277 1018 516 1092 deficientem
532 1020 795 1117 pylurum,aut
803 1019 988 1111 latiorem,
997 1047 1096 1094 eum·

86 1139 250 1236 demque
269 1137 389 1210 multo
415 1136 656 1224 breviorem,
685 1138 886 1235 minusque
913 1140 955 1210 iu
983 1163 1096 1239 gyros

86 1271 303 1330 contortum
323 1256 590 1329 intestinorum
615 1254 770 1344 tubum;
791 1255 838 1327 ad
865 1282 958 1355 quas
977 1261 1097 1332 miror

85 1401 161 1448 nou
184 1399 266 1449 ease
284 1374 429 1447 additas
452 1373 546 1447 duas
569 1373 651 1445 illas
672 1373 768 1447 adeo
793 1374 983 1474 vulgatas,
1000 1400 1096 1474 qua·

85 1519 167 1571 rum
187 1492 344 1565 alteram
359 1491 602 1585 adventitium
618 1491 712 1563 vidit
729 1492 943 1591 Ruyacbius
958 1492 1033 1592 (1),
1044 1492 1096 1575 ab

84 1629 202 1689 teram
213 1598 672 1709 congenitamssionysius
687 1606 755 1707 (a),
770 1610 915 1698 abillae,
929 1612 1096 1710 inquam,

85 1731 262 1829 excipias,
289 1732 329 1807 iu
352 1729 545 1829 plerisque
570 1729 652 1800 aliis
672 1728 1001 1803 observationibus
1024 1731 1099 1803 erit

85 1872 150 1920 cur
167 1847 340 1936 dubites,
358 1870 447 1922 vera
472 1870 520 1918 an
549 1845 639 1919 falsa
662 1847 821 1920 insolitae
846 1845 955 1920 famis
984 1872 1097 1922 causa

85 1980 345 2064 proponatur,
362 1980 404 2037 ut
424 1988 519 2035 eum·
538 1966 577 2034 iu
602 1965 721 2051 liene,
750 1967 859 2063 quasi
885 1965 1027 2062 aliquid
1052 1967 1095 2038 in

55 2150 58 2155 .
83 2084 337 2156 ventriculum
360 2084 668 2172 immittente,³'ea
694 2107 804 2156 causa
826 2083 1008 2180 quaeritur
1019 2083 1096 2182 (3),

45 2224 70 2293 =.3
85 2216 148 2273 aut
167 2226 255 2274 cum
272 2201 312 2272 in
331 2201 533 2272 ventriculi
546 2198 795 2299 amplitudine
807 2199 882 2298 (4),
896 2224 1011 2298 quam
1030 2225 1097 2300 po·

66 2318 157 2392 'tius
175 2321 300 2392 nimiae
324 2319 559 2418 ingestorum
589 2321 705 2416 copia
735 2316 912 2391 effectum
936 2318 1094 2408 dixerit,

86 2461 479 2545 quammausammqn
495 2454 607 2513 decus
625 2453 740 2534 etque
753 2439 793 2508 iu
814 2438 980 2510 sectione
997 2437 1095 2538 1(5),

31 2554 35 2563 ’
85 2559 121 2628 in
141 2582 189 2629 eo
201 2557 271 2655 qui
284 2552 380 2647 nihil
394 2546 477 2653 ᾗῇ
490 2555 557 2627 diu
576 2555 810 2647 comederat,
825 2557 998 2654 exiguam
1010 2581 1096 2628 con-

86 2676 192 2747 tracti
209 2674 410 2746 ventriculi
422 2674 667 2773 capacitatem
687 2673 817 2746 malles
832 2671 1008 2746 effectum
1019 2698 1097 2747 cre·

86 2790 173 2864 dere
190 2793 411 2864 intermissae
431 2793 695 2879 domestiouis‚
713 2815 827 2889 quam
852 2816 1001 2864 causam
1028 2817 1096 2865 cur

86 2911 180 2982 nibil
192 2910 333 2983 ederet.
354 2911 427 2982 Sed
441 2908 493 2982 de
504 2906 604 2985 liene
621 2925 658 2983 et
675 2910 722 2985 te
738 2910 938 2983 ventriculi
955 2913 1096 3010 magni·
1125 2977 1129 2985 .

87 3029 219 3101 tudine
243 3053 289 3101 eo
314 3031 433 3126 magis
457 3028 668 3119 dubitabis,
688 3054 776 3102 cum
802 3054 892 3104 mox
916 3029 1097 3128 appendi·

89 3171 167 3218 cem
185 3148 320 3246 legeris
336 3162 422 3245 post
436 3147 740 3220 observationem
755 3152 842 3234 VII,
855 3148 1051 3246 ipsamque
1061 3151 1096 3218 X

91 3264 404 3340 observationem.
422 3267 576 3364 Hepatis
590 3266 681 3339 vero
698 3264 1096 3365 insolitam'magnitu·
