2580 4514
183 373 254 418 ma.
275 370 332 417 111.
360 370 408 416 ne
434 366 569 417 nornis
588 366 757 431 variants,
783 366 893 414 nrrsr.
925 369 1046 414 xxxiv.
1075 345 1146 442 3¹9

128 489 212 557 Jam
232 507 324 554 vero
340 482 468 552 mirari
485 479 598 568 desii,
614 505 658 549 ex
676 505 753 576 qno
771 482 931 576 cognovi
949 482 1014 552 cel.
1029 484 1145 553 Wins-

131 603 226 674 lovii
240 600 425 671 industria
437 613 630 696 repertum
647 597 812 694 denique
828 622 906 669 esse
920 598 1096 687 ductum,
1111 616 1147 670 et

132 744 204 819 per
230 716 458 790 lluidissimae
485 717 647 786 materiae
674 716 917 810 injectionem
946 713 1145 787 confirma·
1269 799 1275 819 ι

132 853 233 923 tum,
255 835 322 932 qui
346 857 446 906 unus
472 857 540 930 per
563 857 716 904 omnem
738 834 852 902 taeniae
870 832 1146 929 longitudinem
1255 848 1258 853 ’

138 954 358 1054 pertineret.
387 952 461 1042 Qui
480 949 616 1021 duetus
634 950 756 1046 siquo
774 974 863 1045 ego,
882 966 945 1020 aut
962 976 1040 1048 quo
1058 953 1146 1023 Val-

142 1071 322 1143 lisnerius
340 1067 546 1154 scribebat,
566 1082 737 1164 tempore
763 1082 874 1138 notus
898 1065 1047 1157 fuisset,
1065 1071 1146 1139 vul-

143 1203 306 1288 gataque
336 1200 460 1258 essent
490 1186 745 1283 experimenta
771 1209 839 1280 per
872 1211 952 1282 quae
981 1203 1145 1274 constat,

134 1306 321 1405 aquatiles
338 1328 505 1392 vermes,
524 1304 564 1372 in
583 1317 707 1399 partes
733 1303 860 1399 plures
887 1303 1044 1392 divisos,
1073 1321 1147 1378 tres

133 1423 288 1495 circiter
313 1444 462 1493 menses
491 1421 577 1491 sine·
603 1420 784 1490 alimento
812 1421 962 1509 vixisse,
987 1436 1024 1493 et
1049 1449 1146 1494 nova

134 1539 402 1615 observatione
423 1538 463 1608 in
484 1532 601 1609 altera
624 1562 777 1634 quoque
804 1540 997 1629 taeniarum
1021 1543 1145 1638 specie

123 1656 357 1757 ‘credibilius
377 1652 516 1727 factum
545 1670 662 1744 esset,
681 1657 720 1725 in
739 1670 906 1727 extremo
926 1656 991 1726 illo
1009 1659 1147 1742 tenuis·

131 1778 232 1850 simo
258 1773 364 1873 qnod
387 1773 506 1846 cauda
524 1772 744 1857 videbatur,
770 1797 848 1858 esse
869 1776 1063 1846 taeniarum
1085 1801 1147 1848 ca-

131 1909 225 1993 put3
249 1917 337 1965 cnm
365 1893 445 1990 ipse
473 1888 615 1962 facilius
641 1915 723 1988 quae
743 1889 918 1963 videbam
944 1894 1146 1994 intellexis-

135 2034 242 2100 sem,
264 2024 344 2083 tum
363 2010 436 2080 illae
453 2023 517 2080 aut
529 2025 750 2108 argumenta
762 2009 832 2079 alia
842 2033 913 2108 pro
927 2035 990 2080 sua
1002 2028 1148 2084 senten·

136 2131 189 2204 tia
206 2130 456 2228 quaesivisset,
474 2144 539 2202 aut
557 2154 638 2209 eam
665 2131 809 2228 potins„
826 2145 868 2200 ut
896 2132 952 2200 vir
975 2147 1054 2203 erat
1070 2135 1149 2222 veri

130 2247 463 2337 studiosissimus,
480 2237 685 2343 abjecisset.
705 2253 845 2319 Verum
862 2246 941 2320 haec
959 2274 1040 2346 quae
1055 2251 1146 2340 dixi,

132 2381 224 2465 post
241 2365 337 2437 illud
357 2380 509 2463 tempus
531 2365 717 2462 producta
733 2380 841 2455 sunt,
856 2381 897 2437 ut
915 2366 1147 2440 ex'disserta·

121 2487 240 2583 ‘tione
267 2508 475 2582 cognosces
504 2484 818 2583 experientissimi
848 2489 1008 2556 Bonneti
1036 2511 1148 2585 super

133 2603 248 2677 taenia
268 2618 462 2689 accurate,
489 2600 637 2673 erudite
662 2602 894 2698 solerterque
918 2605 1071 2700 scripta,
1091 2632 1149 2677 re·
1222 2602 1224 2607 ’

134 2721 281 2821 gioeque
291 2719 955 2799 ParisiensiAcademiaescientiarum
967 2720 1106 2819 oblata(
1123 2724 1146 2814 l·

134 2842 190 2911 Ea
205 2837 417 2912 dissertatio
434 2838 627 2935 quaerendi
646 2839 716 2909 alia
735 2837 846 2908 nobis
865 2835 1019 2910 fortasse
1042 2865 1148 2912 occa-

137 2955 288 3029 sionem
314 2954 438 3043 dabit,
465 2956 538 3026 alio
569 2971 742 3054 tempore
773 2953 1011 3054 proferenda.
1039 2961 1149 3031 Nunc.

136 3073 303 3145 heatituti
322 3097 531 3162 memores,
546 3073 594 3145 ab
612 3073 689 3161 his,
712 3075 749 3143 in
773 3099 856 3170 quae
874 3072 996 3146 obiter
1015 3076 1148 3146 incidi-

140 3214 248 3278 mus4
263 3190 353 3262 illuc
371 3205 622 3279 revertentes,
641 3215 726 3262 cum
744 3192 914 3288 quaedam
935 3207 1074 3266 restare
1097 3197 1149 3264 vi·

138 3306 319 3396 deamus,
341 3331 462 3405 eaque
487 3307 790 3380 consideratione
824 3325 860 3381 et
886 3313 980 3382 scitu
1010 3312 1148 3410 digna,

139 3415 189 3498 ei
206 3425 252 3497 iis
272 3449 356 3522 qnae
372 3425 420 3496 ad
436 3424 588 3498 dolores
611 3427 772 3500 attinent
790 3429 1074 3518 intestinorum
1094 3432 1151 3504 hae

138 3556 270 3616 antem
283 3544 415 3616 litterae
428 3567 479 3614 ne
493 3543 686 3642 longiores
703 3546 801 3633 sint,
817 3545 964 3644 reliqua
973 3549 1012 3618 in
1022 3551 1150 3646 proxi-

139 3683 224 3732 mas
242 3661 467 3755 rejiciemus.
488 3661 590 3733 Vale.

133 3816 1146 3843 -----.--.-.,.........-..................

179 3921 228 3999 (ι)
251 3923 342 3978 Mem.
356 3925 506 3998 presentes
522 3925 538 3981 a
553 3926 667 3983 l'Acad.
677 3928 749 4002 Roy.
769 3926 821 3984 des
836 3927 884 3984 Se.
898 3938 969 3982 tom.
985 3946 1010 3981 1.
