2580 4514
138 361 210 435 628
304 385 351 430 nr
377 381 523 429 srmrus
548 383 593 428 rr
618 380 741 429 ctasrs
768 381 989 431 moerorum

136 501 217 571 lum
236 497 341 568 facile
365 495 505 568 referes
524 521 708 594 aqueum,
731 510 773 567 ut
798 500 987 570 Harreius
1005 495 1064 595 (1)
1085 523 1146 568 vo·

133 617 262 701 cahat,
279 616 489 685 abscessum
505 619 624 684 instar
636 618 697 684 ovi
704 611 918 709 gallinacei
916 618 1144 713 flavescente

137 758 241 830 aqua
272 730 471 829 repletum,
504 756 590 828 qaoe
620 731 871 803 orbicularem
891 740 1095 806 cavitatem
1113 735 1146 804 in

135 874 227 921 rene
247 849 364 920 altero
379 853 635 946 impresserat,
653 873 740 919 cum
759 844 931 922 minores
948 852 1013 921 alii
1032 866 1147 924 essent

130 968 277 1067 -pariter
295 967 334 1037 in
355 963 447 1036 facie
470 966 658 1037 anteriore
678 969 875 1064 utriusque
899 969 1006 1040 renis
1029 968 1146 1039 homi·

136 1085 196 1157 nis
216 1084 375 1154 maxime
400 1082 607 1181 grandaevi‚
631 1108 710 1153 non
736 1085 817 1155 sine
832 1087 955 1156 urinae
976 1111 1147 1184 suppres-

136 1200 452 1276 sionedemortui„
474 1205 521 1270 At
540 1214 641 1270 certe
666 1197 805 1273 referes
830 1208 1002 1275 vesicam
1039 1210 1148 1274 instar

135 1325 240 1391 aucis
247 1316 445 1414 juglandis
454 1316 671 1412 grandioris
683 1343 786 1415 aqua
803 1320 1075 1417 limpidissima
1085 1322 1145 1393 dis·

137 1451 277 1509 tentam
296 1450 333 1505 et
353 1433 511 1504 dimidia
522 1450 638 1531 parte
660 1441 759 1506 renis
776 1438 1007 1512 substantiae
1020 1475 1023 1479 ·
1037 1440 1144 1512 iaha-

135 1569 296 1641 rentem‚
317 1577 433 1649 quam
453 1553 659 1649 Doringius
671 1551 726 1650 (2)
740 1554 781 1623 in
800 1558 983 1628 Bucretio
996 1559 1145 1644 invenit,

136 1673 242 1767 cujus
257 1670 359 1741 idem
375 1695 444 1740 ren
463 1668 624 1740 multum
644 1668 789 1758 sabuli,
812 1670 907 1742 alter
928 1690 1064 1746 autem
1082 1676 1144 1747 cal·

138 1788 267 1858 culum
279 1785 452 1858 habebat.
463 1787 602 1858 vesicae
614 1786 667 1856 illi
680 1787 841 1884 aequales
855 1787 973 1880 duas,
989 1791 1144 1864 humore

137 1902 304 2011 qpodam
321 1928 443 2000 aqueo
462 1904 634 2002 oppletas
655 1902 827 1983 colorem
841 1905 927 1977 lotii
939 1907 1142 1996 referente,

136 2021 294 2095 memini
319 2021 409 2091 olim
437 2023 620 2119 reperisse
644 2023 684 2091 in
708 2022 806 2093 virili
832 2022 1024 2098 cadavere
1053 2027 1143 2126 quod

137 2140 336 2226 Bononiae,
354 2137 518 2211 absentis
531 2139 709 2211 Valsalvoe
726 2139 830 2229 loca,
849 2142 888 2211 in
902 2141 1064 2217 theatro
1074 2171 1144 2218 ana·

136 2261 278 2329 tomico
289 2258 471 2346 disserui,
490 2257 735 2356 ejusdemque
748 2258 904 2330 renis'in
919 2285 1004 2359 quo
1021 2266 1106 2363 ipsae
1117 2279 1147 2337 et

137 2375 272 2446 calculi
292 2390 398 2467 erant
426 2390 501 2446 tres
515 2373 638 2444 ¹albidi
656 2400 862 2472 granorum
881 2377 992 2450 viciae
1014 2382 1147 2481 magni·

136 2492 289 2581 tud'rne,
309 2491 499 2563 dilatatam
516 2493 679 2589 pelvim:
701 2491 898 2566 hominem
913 2513 1048 2569 autern
1060 2525 1146 2571 mor·

135 2601 246 2682 tuum
274 2633 361 2680 cum
381 2611 498 2679 urinae
518 2609 673 2706 quidem
689 2611 728 2681 in
744 2635 810 2683 sua
826 2613 954 2684 vesica
973 2640 1145 2716 suppres-

137 2729 265 2813 sione;
282 2725 347 2798 sed
372 2750 452 2796 non
475 2752 520 2796 ex
545 2725 617 2798 hac
638 2742 783 2816 tamen,
800 2752 892 2815 ‚cum
922 2731 1009 2804 aliae
1031 2751 1146 2808 essent

135 2845 258 2916 multo
272 2845 460 2941 graviores
478 2866 617 2927 cause,
645 2868 736 2941 quas
758 2844 821 2916 hic
840 2852 1066 2926 memorare
1091 2880 1146 2925 ne·

137 2987 239 3035 cesse
259 2987 339 3032 nan
358 2976 412 3032 est
428 2959 493 3057 (3).
508 2965 651 3033 Verum
670 2961 726 3032 hae
753 2962 835 3039 duae
856 2964 1071 3062 hydatides
1088 2973 1146 3046 sub

137 3081 291 3178 propria
305 3080 406 3150 renis
418 3077 663 3164 membrana,
689 3093 733 3150 ut
751 3080 970 3179 pleraeque,
1000 3114 1146 3165 coerce.

135 3196 287 3268 bantur.
307 3199 385 3267 Nec
403 3195 510 3266 aliter
530 3221 568 3267 se
591 3195 766 3271 habuisse
794 3200 980 3275 videntur
1004 3218 1149 3308 quasin

136 3312 350 3408 hydropicis
376 3336 632 3409 saepenumero
661 3339 686 3385 a
703 3341 754 3386 *se
776 3336 998 3417 compertas
1031 3330 1151 3403 scribit

140 3530 1152 3572 ..η-Ἣ*

175 3684 219 3762 (1)
241 3638 396 3759 Sepulchr.
410 3684 430 3738 l.
449 3702 465 3740 α
474 3725 483 3756 ,
503 3703 526 3741 s.
540 3705 568 3756 1,
583 3688 650 3746 obs.
663 3708 709 3762 17.

177 3797 221 3873 (a)
241 3797 318 3854 Ibid,
336 3798 356 3852 Ι.
373 3798 407 3867 3,
424 3818 447 3854 s.
464 3807 517 3869 14,
533 3800 598 3858 obs.
612 3803 661 3872 48.

175 3910 219 3997 β)
241 3910 311 3970 vid.
328 3912 421 3990 Epist.
437 3919 485 3989 41,
499 3932 530 3971 n.
545 3932 596 3972 -ιο,
723 3906 732 3942 x
