2580 4514
174 437 247 484 arr.
268 436 324 483 tn.
353 435 400 482 nu
425 433 561 481 uonms
584 433 754 496 vrurars,
780 434 891 480 rarsr.
912 433 1033 480 xxxva
1062 409 1133 505 393

124 572 318 630 summas,
338 563 452 645 atque
469 544 562 617 adeo
579 544 768 616 lethiferas
783 545 969 617 molestias
985 569 1133 635 creare,

126 667 339 764 praesertim
354 666 385 734 si
394 663 441 735 ad
452 663 600 734 illorum
612 717 622 750 ,
634 663 875 760 quantumvis
887 662 987 734 leves
997 661 1043 733 ad
1056 685 1136 760 spe·

131 784 229 856 ciem
240 837 252 871 ,
271 782 442 853 laesiones
458 780 655 852 convulsio
673 777 848 868 accedat,
877 804 989 877 quam
1006 780 1045 849 in
1066 778 1136 850 oh·
1178 874 1182 880 ἡ

132 897 433 988 servatiouehac
443 921 521 968 non
540 896 673 968 dubito
687 896 892 969 accessisse.

183 1039 245 1088 ao.
274 1016 391 1113 Virgo
404 1015 606 1113 corripitur
619 1013 764 1111 ingenti
781 1005 942 1100 vomitu,
958 1024 995 1083 et
1010 1008 1137 1101 febre;

133 1132 196 1205 ille
216 1131 388 1220 sedatur3
404 1131 484 1204 haec
499 1145 680 1203 remanet.
694 1129 909 1203 Vehemens
924 1130 994 1203 sub
1010 1128 1138 1200 nothis

135 1233 296 1322 sinistris
310 1249 421 1320 costis
432 1245 575 1320 accedit
590 1247 720 1332 dolor,
737 1271 758 1317 a
774 1272 853 1345 quo
866 1247 964 1317 intra
977 1245 1137 1332 biduum

134 1364 374 1453 interficitur.
394 1357 439 1436 ln
461 1379 592 1436 ventre
611 1388 734 1436 serum
756 1361 1057 1462 limpidissimum
1081 1363 1140 1433 in-

134 1497 290 1556 ventum
311 1497 375 1554 est.
396 1482 656 1570 Ventriculus,
680 1497 717 1554 et
733 1482 908 1553 intestina
926 1479 974 1552 ab
994 1479 1139 1553 incluso

133 1625 221 1673 aere
237 1599 347 1671 valde
360 1599 571 1698 turgebant.
585 1603 666 1671 Ren
681 1614 838 1697 uterque
851 1597 1014 1670 naturali
1025 1597 1138 1697 triplo

119 1720 278 1816 'majora
292 1719 537 1790 sinistervero
549 1718 649 1788 inter
660 1717 851 1814 propriam
867 1716 1140 1805 membranam,

137 1852 174 1908 et
190 1835 283 1906 huic
292 1827 500 1930 subjectam
514 1833 761 1906 substantiam
773 1832 969 1931 paululum
986 1835 1138 1908 saniosoe

135 1953 299 2026 materia
311 1951 529 2025 continebat
541 1951 588 2023 ab
600 1977 643 2026 ea
653 1953 857 2050 praesertim
868 1967 972 2049 parte
986 1978 1060 2050 qua
1072 1952 1139 2024 lie·

135 2095 225 2142 nem
249 2069 503 2169 spectabat.ln
519 2068 683 2142 thoracis
698 2093 789 2141 cavo
801 2094 903 2166 aquae
922 2070 1138 2168 pauxillum.

137 2187 342 2287 Pulmones
362 2188 464 2275 sani,
497 2188 569 2258 uisi
593 2186 697 2285 quod
726 2188 843 2285 nigris
869 2183 1046 2277 maculis,
1073 2186 1139 2258 sed

137 2305 371 2402 paucissimis
404 2303 744 2402 distinguebantur.
773 2304 1028 2377 Pericardium
1062 2320 1141 2376 erat

138 2445 222 2493 sero
231 2419 404 2518 plenum.
416 2420 580 2493 Ecordis
594 2423 811 2494 ventriculis
825 2421 979 2493 fluidior
991 2424 1142 2519 sanguis

138 2536 301 2611 effluxit:
320 2554 399 2612 erat
410 2554 536 2612 tamen
554 2540 594 2610 iu
609 2537 764 2612 dextero
779 2540 969 2639 polyposae
987 2564 1142 2612 concre-
1238 2550 1242 2557 “

137 2657 251 2730 tionis
264 2657 583 2730 inchoamentum.
836 2632 848 2679 ⁸

188 2799 246 2846 αι.
275 2776 388 2847 Renis
405 2776 545 2848 sinistri
562 2790 670 2847 aucta
687 2773 827 2863 moles,
848 2789 885 2847 et
907 2775 1040 2846 vitium
1062 2799 1142 2845 non

144 2893 263 2980 semel
288 2893 328 2963 in
346 2893 515 2988 ejusdem
547 2893 672 2965 lateris
698 2891 993 2992 hypochondrio
1019 2908 1143 2964 tumo-

140 3035 248 3093 rem,
275 2994 494 3085 doloremve
521 3013 740 3084 excitarunt.
767 3013 913 3082 Docent
939 3008 978 3082 id
1000 3010 1145 3109 aliquot

140 3127 306 3200 historiae
321 3129 361 3198 in
383 3127 620 3226 Sepulchreti
648 3127 715 3199 has
749 3127 841 3199 duas
864 3125 1056 3200 Sectiones
1086 3154 1144 3202 re·

139 3244 240 3332 latta,
255 3260 299 3316 ut
317 3247 357 3316 in
372 3249 458 3316 XVI
475 3244 537 3315 illa
557 3247 684 3342 quae§
709 3274 729 3317 2
748 3243 946 3318 exhibetur
970 3245 1145 3320 observa·
1175 3309 1179 3317 .

141 3364 428 3459 tionis'XXIlpet
440 3363 482 3432 in
501 3365 606 3434 XVII
626 3363 790 3434 sectione
806 3362 887 3460 duae
905 3367 1026 3459 quaeS
1047 3388 1071 3460 9
1092 3365 1146 3438 le-

144 3495 283 3580 guntur
296 3478 570 3579 observationis
581 3483 693 3568 XXX,
702 3478 769 3552 ubi
781 3479 860 3551 haec
873 3482 923 3552 ait
938 3482 1144 3558 Ballouius:

143 3623 217 3670 non
236 3597 442 3668 credebant
460 3595 630 3668 dolorem
654 3623 729 3670 esse
747 3598 993 3697 nephriticum
1002 3627 1016 3686 ,·
1037 3616 1075 3670 et
1092 3616 1145 3671 ta-

143 3739 224 3788 men
243 3730 334 3785 erat.
348 3717 405 3786 At
420 3721 511 3787 situs
529 3704 691 3806 doloris,
712 3733 748 3788 et
772 3725 895 3816 partu
925 3717 1144 3814 decipiebat.

139 3837 166 3904 l
186 3833 331 3905 dextris
351 3834 460 3904 etiam
477 3832 647 3931 id.‘posse
669 3858 948 3933 nonnunquam
961 3834 1148 3932 accidere,

134 3943 299 4023 historia
323 3949 463 4023 indicat
483 3976 564 4050 quae
588 3953 712 4050 primo
738 3951 824 4024 loco
851 3952 1083 4052 proponitur
1108 3953 1147 4022 in
