2580 4514
203 466 386 606 on
458 411 988 611 SEDIBUS

575 779 641 847 ET

104 1053 444 1185 clusis
519 976 1107 1189 ucussonuu.
1185 1161 1188 1167 .

435 1538 509 1667 AI)
544 1538 774 1608 AMICUM

128 1747 362 1823 EPISTOLA
385 1740 890 1824 lautorum-MEDICA
913 1751 1075 1826 XXVIII.

106 1961 287 2055 (incedam
299 1961 348 2033 de
362 1967 482 2034 Fame
492 1976 637 2060 praeter
653 1978 853 2054 naturam,
872 1979 910 2035 et
924 1964 972 2036 de
986 1979 1109 2038 morte

154 2106 203 2152 ex
217 2079 353 2152 Inedia
372 2080 607 2152 scribuntur:
626 2081 775 2181 reliqua
794 2080 842 2154 de
859 2082 951 2156 Iaesa
968 2083 1107 2180 Degla-

149 2204 291 2270 titione.

102 2400 181 2530 Dr
198 2473 363 2556 quatuor
375 2456 496 2549 libris,
511 2458 551 2528 in
564 2477 662 2557 quos
677 2458 965 2558 Sepulchretum
979 2474 1107 2532 anato·
1172 2437 1177 2447 Ι

99 2577 240 2648 micum
261 2562 423 2649 divisum
438 2566 521 2665 ist,
540 2575 663 2648 multo
688 2576 929 2676 longissimus
949 2594 1005 2650 est
1029 2594 1105 2650 ter·
1202 2596 1207 2605 ·

99 2695 189 2785 tius,
221 2695 289 2792 qui
316 2694 495 2766 nimirum
525 2695 612 2766 vitia
641 2695 905 2794 complectitur
941 2698 1104 2794 partium

99 2813 287 2902 omnium,
312 2834 563 2911 quaecumque
593 2810 832 2910 peculiariter
859 2812 908 2884 ad
932 2830 1105 2887 ventrem

99 2932 269 3019 attinent,
279 2952 350 3002 nec
360 2929 507 3002 virilem
520 2928 649 3017 mod0,
660 2928 724 3003 sed
738 2929 850 3002 etiam
864 2931 1100 3005 muliebrem.

98 3050 183 3140 Quo
202 3048 321 3148 magis
338 3072 360 3118 a
376 3066 436 3119 me
455 3068 571 3147 opera
585 3032 663 3144 jam
681 3046 807 3120 danda
832 3050 917 3133 erit,
942 3075 1104 3147 quomo-

99 3165 313 3264 documque
325 3179 477 3264 potero,
490 3163 684 3254 brevitati,
699 3166 729 3236 si
741 3165 896 3264 quidem
907 3168 1018 3239 velim
1030 3192 1104 3241 sus·

99 3287 197 3385 cepti
218 3283 332 3381 hujus
356 3307 428 3383 pro
452 3298 489 3356 te
506 3282 646 3355 laboris
665 3283 830 3382 aliquem
854 3281 969 3357 finem
994 3310 1103 3384 repe-

97 3405 181 3474 rire.
197 3406 295 3474 Dare
313 3416 439 3475 autem
457 3423 538 3473 eam
553 3424 708 3500 operam
724 3424 834 3500 posse
851 3401 984 3475 videor
998 3405 1038 3474 in
1057 3403 1102 3476 lis

95 3521 257 3595 maxime
274 3520 505 3619 argumentis
523 3543 606 3616 quae
627 3518 772 3616 singula
787 3519 826 3590 in
847 3519 1004 3618 singulis
1022 3521 1100 3618 pri·

97 3641 167 3712 mis
188 3654 351 3738 quatuor
373 3635 603 3711 sectionibus
621 3652 913 3736 proponuntur,
936 3641 1102 3737 Inappe-

99 3764 232 3848 tentio,
259 3761 395 3829 Fames
413 3751 766 3854 proetematuralis,
799 3757 885 3825 Sitis
904 3757 1099 3850 morbosa,
1176 3833 1179 3839 ,
1279 3830 1285 3839 ,

99 3875 299 3972 Deglntitio
315 3874 418 3946 loesa.
436 3875 567 3971 Neque
581 3872 703 3962 euim,
722 3873 753 3946 si
773 3873 946 3944 ultimum
960 3873 1099 3963 demas

98 3993 172 4066 ulla
188 4008 244 4069 cst
263 4017 286 4066 a
300 3991 491 4083 Valsalva,
510 4005 574 4067 aut
590 4014 614 4067 a
629 4004 701 4066 me
710 3991 882 4066 instituta
904 3989 1099 4075 dissectio,
