2580 4514
158 377 229 461 244
324 394 371 441 nn
397 394 542 441 sannas
568 390 611 441 aa
638 395 761 444 causas
787 369 998 448 norinorum

155 525 197 582 ut
213 510 336 607 prima
355 510 395 578 in
414 507 647 607 praecedente
664 511 830 582 sectione
849 517 939 584 VIII
963 512 1039 611 (a),
1058 515 1132 587 veris
1166 506 1168 525 '

154 624 372 697 auctoribus
393 624 615 720 adscriptis,
634 631 845 723 propositae.
871 629 944 700 Sed
965 655 1084 729 neque
1105 632 1132 701 in

153 767 199 814 eo
219 742 314 812 mihi
333 742 418 813 satis
445 741 568 838 placet
591 741 829 839 Sepulchreti
851 762 1046 820 auctorem
1070 749 1133 817 ini-

152 861 242 948 tari,
261 874 302 930 ut
319 857 600 930 observationes
613 862 652 928 in
669 884 729 932 eas
749 859 913 960 dividam
930 889 1013 960 quae
1026 863 1071 936 ad
1086 889 1133 936 co

150 977 266 1047 licum
281 975 451 1047 dolorem
469 975 671 1062 attineant,
686 992 722 1047 et
736 1003 818 1074 quae
831 979 878 1050 ad
893 978 1133 1070 iliacum3non

151 1092 256 1192 quod
271 1093 429 1163 omnino
444 1089 657 1188 improbem
675 1091 772 1163 hanc
784 1093 1029 1185 divisionem
1045 1121 1134 1194 quan·

151 1234 265 1309 quam
294 1208 444 1280 Diocles
475 1209 684 1306 Carystius,
718 1224 760 1280 ut
779 1209 907 1282 Celsus
937 1210 1001 1310 (a)
1027 1213 1134 1302 docet,

149 1353 228 1400 non
239 1324 511 1413 tenuioris,sed
524 1325 703 1422 plenioris
714 1328 881 1398 intestini
894 1329 1134 1405 morbumdnt

149 1443 388 1528 nominabat,
404 1442 614 1514 Alexander
626 1444 751 1514 autern
763 1444 991 1535 Trallianus,
1004 1443 1134 1546 utapud

147 1565 285 1638 Salium
316 1561 373 1658 β)
400 1577 475 1646 est,
508 1585 583 1629 non
615 1560 725 1631 allud
750 1587 825 1633 esse
856 1562 956 1633 ileon
986 1565 1133 1648 censuit,

87 1707 89 1712 ⁸
150 1707 265 1780 quam
275 1678 384 1750 colica'
395 1679 555 1770 affectus
568 1683 809 1751 intensionem
822 1704 867 1749 ac
879 1685 1133 1767 incrementum,

149 1813 186 1871 et
213 1796 330 1869 Salius
359 1796 414 1892 (4)
446 1797 484 1865 in
513 1810 674 1893 utroque
707 1795 860 1866 illorum
885 1797 1133 1870 intestinorum

148 1943 228 1992 esse
254 1940 364 2014 posse
395 1915 456 1986 ilei
480 1917 695 2014 primariam
719 1917 845 1989 sedern
871 1933 908 1989 et
928 1941 1133 1992 causamos

148 2035 292 2121 tendit3
318 2032 383 2106 sed
403 2034 489 2130 quia
514 2059 592 2104 non
611 2033 713 2106 adeo
741 2032 847 2107 facile
874 2051 949 2123 est,
975 2052 1020 2108 ut
1044 2035 1132 2108 multi

147 2167 299 2254 putant,
318 2151 468 2223 dolores
481 2152 735 2223 internoscere
753 2153 953 2249 utriusque
973 2154 1131 2240 intestini,

147 2294 241 2359 nec,
277 2268 382 2366 quod
416 2270 681 2368 consequitur,
722 2293 790 2367 per
827 2269 1131 2344 animadversain

147 2388 252 2486 aegris
272 2388 376 2484 signa
393 2387 479 2457 satis
492 2385 680 2458 luculente
691 2384 912 2482 hujusmodi
928 2386 1130 2460 observatio

106 2578 111 2586 ,
146 2503 407 2577 nesdividere.

196 2649 227 2695 a.
249 2625 342 2693 Nam
373 2618 477 2717 quod
497 2617 648 2689 dolores
667 2618 847 2691 dicuntur
868 2645 948 2693 esse
977 2621 1129 2696 acerbio-

117 2805 119 2809 ,
144 2765 205 2813 res
230 2739 327 2809 iliaci
351 2761 466 2832 quam
488 2736 617 2824 celici,
636 2751 672 2806 et
690 2732 796 2807 facile
816 2738 926 2807 etiam
959 2755 1062 2827 sunt,
1083 2757 1130 2808 seu

144 2881 319 2929 vasorum
343 2855 452 2950 copia
474 2853 511 2923 id
534 2851 616 2923 fieri
633 2878 806 2942 censeas3
826 2854 876 2925 ob
893 2881 1009 2952 quam
1030 2853 1128 2931 multo

144 2997 298 3073 qnoque
314 2971 445 3067 saepius
465 2971 593 3040 tenuia
611 2971 788 3042 intestina
805 2996 919 3068 quam
933 2971 1127 3062 crassasin·

143 3090 330 3165 flammata
367 3088 630 3185 reperiantur,
672 3089 746 3159 sive
782 3091 909 3185 potius
946 3107 1126 3161 nervorum

142 3230 327 3293 numer0,
351 3207 556 3302 praesertim
574 3206 606 3300 si
629 3204 708 3275 villi
726 3204 865 3301 quibus
889 3208 1011 3305 prima
1031 3223 1126 3301 usque

64 3303 66 3309 ⁵
143 3325 238 3396 adeo
256 3323 477 3408 abundant,
497 3322 544 3393 ad
563 3321 784 3420 papillarum
811 3348 929 3420 genus
952 3339 1037 3397 sunt
1050 3317 1123 3394 refe·

139 3492 1122 3523 Μαι-...Μ

180 3634 224 3711 (1)
246 3634 283 3688 In
296 3628 448 3686 Additam.
465 3624 560 3682 obs.
544 3645 572 3681 a.

184 3726 597 3808 )Dcmed1cl.4,c.13

181 3832 289 3907 ')De
304 3828 400 3884 affcct.
412 3825 520 3901 partic.
534 3845 560 3880 c.
580 3845 626 3882 11.
