2654 4508
240 415 324 465 11an
339 413 393 463 ut.
423 412 470 463 D!
496 410 633 464 nautas
655 408 830 471 virtuts,
856 409 968 463 rator.
995 412 1078 463 XXX·
1115 412 1165 483 99

153 549 228 603 aua
244 527 286 599 in
301 525 494 621 proposita
511 537 680 593 matrona
699 521 805 593 istam
824 521 1024 599 ventriculi
1035 538 1166 601 struc-

155 661 285 721 turam
304 643 424 739 ipsam
449 665 602 737 quoque
618 637 760 735 aliquid
788 636 835 709 ad
859 638 1089 713 vomendum
1115 637 1167 721 fn.

156 764 251 845 cisse
272 760 467 845 malueris,
487 759 627 854 quippe
646 782 667 827 a
684 755 900 853 primordiis
927 753 1033 835 facile
1057 757 1166 853 juno,-

156 897 233 955 tam
250 904 340 952 cum
356 903 469 975 praua
483 877 545 951 itta
565 874 734 948 vesiculae
755 888 792 948 et
809 875 1020 971 panereatis
1046 874 1169 972 dispo·

157 999 319 1085 sitione,
345 1020 452 1095 quaa,
479 1007 669 1073 eresuute
692 1007 797 1068 atate
822 987 1052 1067 manifestior
1073 988 1172 1076 [aem

156 1117 347 1191 uomitum
358 1114 549 1187 induxerit
563 1107 826 1195 insanabilem,
836 1133 914 1185 non
929 1110 1171 1205 pertinaciter

157 1231 399 1332 repugnabo.
420 1235 665 1305 deneratam
685 1227 893 1311 crassitudo
908 1241 1008 1305 tanta
1026 1227 1064 1303 in
1078 1229 1172 1307 vesi-

159 1351 256 1429 tulto
274 1348 416 1425 tunicis
437 1349 561 1421 minus
577 1345 852 1442 obsequentem
872 1343 970 1423 hauc
989 1343 1174 1424 reddebat

158 1466 365 1543 ventriculi
393 1467 649 1564 primorumve
675 1465 940 1543 intestinorum
968 1459 1185 1561 pressiori,⁴

161 1604 204 1661 ut
221 1585 383 1659 fortasse
406 1585 586 1656 nonsatis
609 1606 716 1657 exea
737 1581 848 1670 bilis,
870 1609 953 1681 quaa,
972 1598 1050 1663 erat
1070 1584 1173 1661 insu·

163 1731 232 1806 per
262 1704 360 1777 adeo
387 1702 538 1787 vitiosa,
560 1702 845 1799 exprimeretur.
879 1705 1063 1776 Pancreas
1083 1725 1173 1806 reto

165 1845 369 1897 exsuccum
381 1875 392 1906 ,
406 1835 442 1891 et
453 1819 501 1890 ad
518 1818 656 1890 skirrhi
676 1833 848 1891 naturam
867 1843 1046 1917 vergens,
1059 1844 1179 1916 quan.

165 1956 206 2021 to
223 1942 355 2011 minus
373 1938 476 2009 succi
483 1939 686 2032 minusque
700 1935 747 2007 ad
760 1961 849 2014 suos
862 1962 951 2009 usus
961 1937 1039 2034 apti
1056 1961 1176 2017 satier⁹

167 2072 297 2143 neret,
311 2054 418 2127 facila
435 2068 542 2151 potes
557 2055 766 2125 existimare
778 2053 966 2152 simulque
982 2054 1177 2152 mitigare,

170 2199 285 2274 quam
299 2170 519 2268 imperfecta
536 2173 587 2242 ob
605 2172 802 2269 utriusque
817 2171 915 2246 illius
931 2171 1102 2259 humoris
1117 2171 1178 2251 da·

170 2291 312 2365 fectum
342 2316 386 2362 ao
417 2291 549 2361 vitium
579 2291 618 2359 in
650 2288 831 2361 duodeno
860 2291 1039 2365 intestino
1071 2288 1182 2375 fieret

170 2409 272 2507 styli
285 2407 516 2494 elaboratio,
531 2424 793 2504 quantumque
805 2407 860 2480 ihi
872 2410 1057 2482 restitaret
1066 2409 1183 2491 crassi

171 2526 400 2623 timidique,
429 2541 465 2596 et
499 2526 773 2620 ejusintestini
797 2526 943 2598 tunicas
971 2527 1010 2599 in
1034 2527 1183 2615 diurnis

171 2647 378 2744 prasertim
392 2645 565 2740 eorporis
578 2643 845 2740 agitationibus
863 2646 915 2717 sio
931 2645 1126 2732 irritantis,
1139 2658 1185 2727 ut

171 2765 209 2837 in
230 2779 380 2837 motum
403 2762 570 2859 denique
595 2763 786 2836 inversum
812 2763 937 2835 cieret.
955 2764 1041 2858 Quo
1064 2763 1096 2838 si
1115 2761 1185 2845 tibi

173 2880 284 2959 liceat
302 2879 445 2951 addere
463 2895 688 2953 structuram
713 2879 815 2955 illam
830 2879 1032 2957 ventriculi
1056 2883 1184 2966 minua

174 2998 334 3072 fortasse
349 2998 525 3068 idoneam
541 2997 588 3068 ad
606 2998 801 3084 alimenta,
821 3000 851 3071 ai
875 3023 955 3075 nou
975 2988 1183 3077 conticinii.

173 3118 245 3208 da,
265 3134 303 3195 at
320 3119 409 3189 satis
427 3115 599 3214 expedite
610 3118 649 3193 in
662 3117 700 3187 id
717 3118 936 3188 intestinum
953 3115 1196 3214 compellari..

176 3235 246 3326 da3
268 3250 377 3313 tanto
391 3235 464 3306 erit
479 3234 680 3332 proctivius
699 3259 827 3306 causas
839 3234 1049 3332 intelligere
1063 3236 1184 3315 romi.

176 3369 234 3428 tus
249 3358 358 3427 istius
374 3369 451 3425 tam
467 3352 647 3424 diuturni.

223 3499 258 3572 9.
281 3478 427 3546 Verum
441 3485 482 3541 ut
498 3470 638 3541 deuna
654 3495 781 3540 earum
797 3469 997 3557 duntaxat,
1016 3469 1055 3541 id
1070 3485 1124 3542 est
1136 3470 1185 3540 de

178 3591 390 3690 pancreatis
419 3589 534 3674 vitio,
562 3587 754 3662 brevitatis
778 3589 914 3686 gratia,
934 3586 1049 3665 verba
1078 3585 1188 3669 facit·

179 3735 277 3798 mus‚
302 3707 446 3780 videsis
463 3704 525 3774 hic
544 3708 582 3774 in
600 3705 846 3802 Sepulchreto
876 3729 955 3775 non
974 3690 1089 3783 modo
1118 3705 1186 3789 ob·
1207 3794 1213 3803 Ι

180 3831 433 3902 servationem
459 3816 564 3907 ΠΗ,
585 3838 621 3893 et
645 3806 731 3919 quae
746 3839 984 3919 sequuntur,
1004 3823 1069 3903 sed
1097 3822 1186 3899 alias

181 3951 285 4027 etiam
326 3968 420 4017 cum
463 3960 593 4038 supra,
630 3957 711 4012 tum
744 3943 948 4040 praesertim
985 3939 1082 4026 infra
1117 3939 1186 4049 sub

1002 4063 1040 4154 7.
