2580 4514
142 394 210 441 110
305 393 351 437 DE
378 389 524 437 sumnus
550 390 593 436 ΕΤ
619 388 742 435 crusls
768 388 980 441 MORBORUB

137 509 253 604 igitur
267 529 354 576 cum
375 503 426 575 ob
445 516 525 575 ea'm
543 518 812 591 causern,tuu1
831 506 949 603 magis
980 505 1032 581 oh
1052 497 1134 604 jeci·

137 625 243 694 noris
256 624 359 707 vitia,
381 621 467 695 bilis
487 636 640 706 natura,
657 621 761 718 quod
776 622 836 693 vel
850 622 967 719 hujus
986 625 1134 701 coloret

140 742 310 813 concreti
326 741 363 809 in
385 739 547 810 vesicula
566 739 701 811 calculi
713 740 981 829 ostenderunt,
994 757 1032 817 et
1045 732 1134 841 quot

141 859 403 955 consequitur,
423 872 567 929 mutato
585 856 696 953 chylo
711 860 940 956 etsanguine
951 913 962 946 ‚
980 874 1019 933 et
1033 862 1134 941 seer't

142 979 191 1048 tis
209 975 255 1048 ab
275 976 348 1047 hoc
369 991 449 1047 tum
480 973 567 1045 alibi
582 1028 591 1054 ,
608 989 691 1045 tum
711 976 751 1045 in
770 977 1009 1064 ventricuIO,
1036 980 1134 1059 intes

143 1096 251 1182 sinis,
270 1107 469 1191 paucrente
487 1090 713 1163 humoribus
727 1145 738 1179 ‚
754 1089 908 1171 minime
924 1092 1081 1173 difficile
1096 1116 1134 1173 et

143 1237 274 1284 eorum
290 1211 503 1309 perspicere
520 1210 721 1305 originem,
738 1235 823 1307 quae
841 1210 991 1283 homini
1004 1213 1134 1293 aeside

140 1343 253 1418 runt,
269 1327 475 1425 praesertim
491 1350 581 1396 vero
598 1341 708 1397 tantae
727 1327 826 1400 illius
846 1353 928 1426 quse
944 1332 983 1401 in
1004 1330 1134 1428 rejecti

143 1445 318 1544 apparuit
334 1443 506 1515 colorum
523 1424 1031 1526 varietatis.Exiiuu10ribus
1051 1452 1134 1533 enin

143 1564 191 1635 ab
212 1578 354 1633 naturae
376 1560 491 1631 modo
515 1562 780 1639 recedentibus
805 1588 885 1641 nou
908 1567 1050 1645 mirum
1076 1582 1134 1650 est

144 1683 175 1755 si
191 1682 338 1752 colores
356 1693 492 1777 praeter
510 1693 682 1754 naturam
702 1681 883 1769 existant,
901 1697 943 1757 ut
958 1709 1092 1781 neque
1109 1711 1134 1767 u

143 1800 261 1884 varia,
277 1799 420 1895 quippe
442 1799 480 1874 in
503 1798 689 1893 ejusmodi
712 1798 857 1875 morbis
872 1815 910 1879 et
930 1802 1134 1885 conatibus

145 1941 277 1993 eorum
298 1932 378 1987 turn
399 1919 591 2004 omniurn,
613 1933 693 1991 tum
717 1917 953 2016 singulorum
972 1922 1134 2003 secretio

144 2061 215 2124 ne,
234 2037 411 2121 mistura,
430 2059 555 2124 mora,
572 2036 602 2107 si
619 2034 735 2107 modo
750 2034 815 2120 hi,
833 2036 949 2115 modo
965 2037 1022 2111 illi
1036 2040 1134 2141 magi

146 2153 293 2225 colores
313 2155 541 2225 exoriantur.
558 2153 697 2229 Mirum
713 2168 768 2225 est
784 2157 928 2250 potiuS‚
946 2156 977 2233 si
995 2156 1134 2267 queudt

144 2272 242 2343 iniis
259 2271 488 2368 quinullum
511 2295 710 2368 pravarum
736 2271 947 2347 istiusmodi
972 2276 1134 2357 secretio

143 2414 235 2460 num
257 2388 439 2461 indicium
451 2389 611 2476 dedere,
631 2392 795 2461 vomitus
806 2405 962 2487 repente
973 2390 1040 2467 fiat
1052 2410 1134 2475 succ

145 2508 320 2604 alicujus,
333 2533 378 2581 eo
395 2506 522 2580 infecti
534 2508 661 2581 colore
677 2535 791 2605 quem
809 2510 966 2586 minime
978 2526 1134 2608 expecta

143 2650 213 2698 res.
227 2629 340 2723 Cujus
353 2627 500 2725 generis
510 2624 723 2699 observatio
740 2642 795 2700 est
811 2651 923 2724 quam
940 2652 1046 2705 anno
1063 2638 1134 2727 ipit

143 2744 190 2817 ad
211 2770 270 2815 rne
292 2746 441 2842 scripsit
459 2743 579 2824 idern,
600 2770 714 2842 quem
733 2745 915 2841 supra(1)
939 2747 1134 2827 nominavi

144 2862 381 2935 doctissimus
408 2863 466 2932 vir
489 2859 731 2935 Manfredius.
757 2867 807 2939 Ea
833 2887 925 2934 vero
945 2861 993 2939 ad
1018 2862 1134 2943 breve

144 2982 275 3054 attinet
288 2981 473 3066 vomitus,
496 2994 538 3050 ut
556 2982 739 3053 continuo
756 2981 969 3077 perspicies.

192 3099 242 3171 16.
260 3099 378 3170 Faber
397 3096 574 3168 {errarius
588 3123 699 3169 mane
715 3098 831 3169 domo
849 3098 1045 3196 egreditur
1063 3122 1134 3177 cun

143 3218 286 3316 perlevi
301 3215 485 3288 stomachi
503 3217 645 3288 dolore.
667 3219 753 3306 Quo
774 3231 903 3313 postea
932 3219 1134 3314 gravissim<

143 3334 260 3423 facto,
284 3333 402 3404 horno
426 3359 470 3405 ex
490 3360 556 3408 ore
579 3337 713 3431 ejicere
737 3334 939 3410 humorem
964 3336 1134 3434 incipien-

143 3453 343 3525 atrementi
367 3453 620 3541 simillimum,
650 3469 736 3525 ante
756 3477 951 3550 vesperam
976 3456 1134 3535 moritut

142 3570 386 3643 Ventriculus
405 3597 509 3669 aeque
528 3587 651 3644 atrum
664 3626 674 3660 ‚
689 3569 896 3645 inodoruut
916 3594 1134 3668 gruutosum

181 3945 226 4025 (τ)
246 3944 285 4003 Ν·
301 3967 330 4024 s·
