2580 4514
791 232 799 261 l

137 399 207 471 700
299 397 345 442 DE
372 396 517 442 sumnus
542 397 586 442 ET
611 395 735 442 causls
761 396 983 443 MORBORUM

127 507 216 609 plus
243 535 357 604 quom
387 509 503 580 decies
532 507 774 580 membraneo
798 512 1003 580 minorum
1028 535 1150 582 sacco·-

136 653 221 699 rum
256 628 462 725 intersepta
491 628 694 726 aperienda
729 625 906 716 fuerunt,
936 644 980 701 ut
1018 654 1141 727 aquam

139 769 291 816 omnem
304 770 348 815 ex
364 746 499 840 majori
513 745 580 842 qui
600 746 796 833 universos
806 747 1040 818 continebat
1050 802 1060 834 ,
1071 748 1144 818 edu·

139 877 250 935 ceret.
261 865 361 932 Num
380 861 484 959 quod
505 862 544 931 in
565 876 715 932 mortua
736 862 784 933 ad
801 865 1144 961 perscrutandum,

137 979 237 1051 idem
253 980 291 1050 in
313 983 395 1050 viva
417 980 505 1051 licet
528 978 575 1050 ad
596 979 833 1051 curandum?
859 998 928 1053 aut
957 983 988 1054 si
1010 982 1145 1071 liceret,

138 1126 231 1171 num
252 1102 349 1172 intra
373 1099 544 1171 abditum
566 1103 706 1173 ventris
730 1127 869 1174 cavum
902 1102 1041 1176 videre
1073 1104 1146 1200 quis
1184 1094 1187 1101 ’

139 1234 267 1317 posset
286 1220 452 1289 minores
470 1219 638 1290 sacculos
656 1234 692 1290 et
713 1218 784 1291 ho's
804 1220 980 1318 singulos
996 1237 1146 1319 pertun·

140 1336 249 1419 dere,
267 1336 415 1407 nullum
440 1351 565 1407 autem
584 1337 806 1408 intestinum
825 1352 1031 1434 partemve
1049 1339 1147 1423 aliam

141 1455 351 1552 proximam
376 1455 650 1525 convulnerare
666 1455 681 1523 l
696 1458 880 1527 Praeterea
903 1456 1025 1552 quid,
1050 1457 1081 1528 si
1102 1456 1146 1524 in-

142 1595 328 1657 numerae,
344 1587 386 1640 ut
401 1596 496 1669 saepe
517 1596 595 1645 esse
609 1569 847 1658 dicebamus,
869 1584 1001 1644 essent
1012 1572 1148 1670 hydati-

85 1746 87 1751 .
143 1687 231 1777 des,
253 1687 377 1785 quid?
403 1690 433 1760 si
455 1688 596 1759 cellulae
621 1713 700 1759 non
731 1712 864 1760 omnes
896 1714 1065 1786 aquam,
1092 1688 1146 1761 sed

142 1804 221 1875 aliae
252 1805 443 1875 materiam
477 1807 574 1875 casei
600 1806 660 1876 vel
689 1806 804 1904 pultis
832 1807 1024 1895 similem,
1056 1807 1149 1878 utin

144 1922 271 2018 Miegii
279 1920 592 2018 (r)observatioue
600 1924 859 1995 continerent:
878 1925 977 2022 quid
993 1925 1053 1996 lsi
1064 1947 1152 2019 mag·

146 2063 219 2109 nus
234 2040 387 2136 insuper
404 2037 574 2111 skirrbus
598 2041 754 2130 inesset,
780 2041 934 2138 qualem
960 2041 1152 2139 conspexit

144 2161 350 2254 Verneyus.
361 2158 469 2229 Mitto
480 2172 628 2247 caetera3
638 2183 725 2228 nam
740 2157 853 2231 velex
864 2156 973 2255 hisce
983 2160 1063 2255 jam
1073 2158 1152 2230 satis

147 2299 334 2372 superque
344 2275 531 2373 intelligis,
541 2275 679 2346 curhic
687 2276 942 2373 paracentesis
952 2303 1036 2348 non
1047 2275 1153 2346 modo

147 2392 292 2464 inutilis
308 2390 374 2463 sed
394 2406 429 2463 et
452 2393 563 2463 noxia
581 2394 725 2465 miserae
750 2393 901 2464 mulieri
925 2396 1132 2492 contingat.

199 2510 256 2606 69.
275 2515 344 2579 Fac
362 2510 471 2580 etiam
489 2520 639 2580 saccum
652 2535 732 2581 esse
748 2535 867 2580 unum
883 2511 1082 2609 nullisque
1106 2512 1156 2580 in·

151 2627 323 2723 terseptis
354 2625 536 2713 divisum,
563 2643 606 2698 ut
631 2643 766 2725 praeter
794 2630 994 2726 Maggium
1015 2654 1060 2701 ac
1086 2632 1157 2699 Do-

152 2743 257 2843 dium
281 2742 357 2840 (a),
375 2742 581 2817 Vacherius
598 2743 669 2842 (3),
685 2745 894 2819 benevolus
907 2744 992 2843 (4),
1016 2746 1159 2844 Targio·

149 2859 300 2958 nius(5)
314 2862 514 2950 invenere,
532 2887 654 2959 neque
669 2861 920 2951 abscessibus,
935 2889 1068 2962 neque
1089 2861 1157 2935 cel·

152 2978 238 3049 lulis
255 2979 394 3048 variam
414 2980 607 3049 materiam
628 2979 931 3068 continentibus,
948 3006 1080 3078 neque
1104 2994 1169 3050 tu··

154 3093 325 3187 moribus
338 3095 621 3192 vitiatumlnam
636 3096 843 3169 Benevolus
858 3096 1050 3194 quosdam
1065 3100 1167 3168 intus·

151 3211 410 3309 prominentes
425 3210 579 3309 globos,
596 3237 762 3309 quorum
778 3213 895 3313 aliqui
909 3214 973 3284 vel
993 3216 1160 3286 ovisma·

57 3373 59 3377 ι
149 3330 273 3425 jores,
287 3328 509 3424 Targionius
528 3344 651 3401 autem
672 3354 865 3427 sarcoma,
885 3333 994 3403 renis
1020 3331 1169 3429 magni--

154 3443 302 3532 tudine,
314 3467 449 3540 parvos
466 3442 658 3517 abscessus
674 3448 713 3516 in
729 3470 767 3518 so
789 3445 986 3536 condens,
1006 3449 1161 3520 adnota-

153 3561 291 3659 runt),
312 3559 368 3632 fac
388 3560 549 3659 denique
576 3587 652 3634 non
677 3565 844 3662 pessimae
858 3579 1006 3638 naturae
1032 3587 1161 3666 aquam

86 3853 89 3858 ’
193 3843 203 3906 .'
208 3841 235 3921 1)
257 3847 323 3901 Act.
338 3846 375 3900 N.
390 3845 423 3900 C.
440 3855 511 3901 tom.
529 3865 563 3917 1,
577 3846 642 3902 obs.
656 3846 705 3906 85.

193 3943 236 4022 (a)
258 3943 301 4022 (3)
323 3940 364 4022 (l)
385 3942 430 4022 (5)
452 3945 509 4002 cit.
526 3947 564 4004 ad
581 3966 612 4002 n.
628 3947 675 4014 64.
