2580 4514
170 566 302 639 faciem
320 583 445 639 autem
465 568 641 640 oculosve
656 567 793 641 insoliti
814 568 957 669 aliquid
970 571 1138 645 ostenden·

172 310 243 384 350
337 334 383 381 nc
410 332 556 383 surmus
580 336 628 383 nr
649 333 778 386 crusis
799 337 1016 389 :mannaan

169 447 422 521 madverterat
438 475 590 547 quoque
607 449 798 522 abdomen
810 466 961 525 tensum
973 466 1010 525 et
1022 453 1135 541 duran,
1177 432 1193 587 Ξ

168 701 223 758 tes
242 713 250 754 :
273 685 412 782 quibus
427 684 473 756 de
492 686 624 770 rebus,
648 687 718 758 nisi
733 685 838 785 quod
860 691 968 761 num.
994 713 1028 761 ιι
1045 704 1079 762 et
1097 688 1143 775 ιδ,
1190 688 1193 700 '

168 802 264 873 nihil
284 805 464 900 scriptum
479 818 552 890 est;
573 803 642 874 sub
660 806 800 877 caeteris
816 805 1004 879 omnihus
1014 808 1081 906 qui
1092 832 1143 879 no

167 919 218 990 do
234 921 432 990 memorati
452 934 557 1003 sunt,
574 920 743 992 numeris
759 919 859 1018 quid
867 921 1144 996 observatunat

166 1038 342 1135 reperies.
370 1036 508 1107 Medici
532 1051 656 1107 autem
676 1037 879 1137 scriptores
899 1040 941 1111 in
964 1026 1147 1114 abdomini

167 1155 321 1253 quidem
342 1155 513 1227 tensione
531 1154 774 1229 conveniunt.
796 1154 868 1232 Sed
895 1156 1009 1256 plura
1034 1158 1148 1232 addunt

166 1274 234 1344 alia
246 1298 329 1370 quae
341 1272 610 1344 intestinorum
624 1272 759 1370 procul
773 1271 890 1346 dubio
907 1273 1149 1348 inflammatio·

166 1416 254 1461 nem
290 1387 521 1488 significant,
558 1390 658 1461 illam
696 1404 822 1464 tamen
860 1391 1150 1483 evidentem,e

167 1533 280 1607 quam
298 1510 424 1579 cuncti
448 1506 554 1579 facile
574 1524 796 1605 agnoscant,
813 1534 895 1581 non-
919 1508 1087 1584 hancne
1099 1532 1151 1609 qut

165 1626 362 1722 loquimur
383 1624 601 1712 obscuram,
623 1625 723 1698 etde
741 1651 815 1723 qua
832 1626 898 1697 uix.
918 1629 1037 1727 pauci
1058 1628 1152 1727 suspi-

167 1759 312 1814 centur.
333 1748 437 1813 Inter
455 1769 497 1814 ea
515 1760 603 1815 sunt
614 1744 652 1813 in
668 1744 799 1842 primis
811 1760 921 1817 acuta
933 1741 1054 1819 febris
1065 1760 1099 1819 et
1109 1744 1155 1817 do

165 1861 227 1932 lor
242 1860 470 1933 vehemens:
493 1862 573 1934 sine
589 1859 734 1958 quibus·
745 1875 873 1936 tamen
898 1860 1018 1945 hanc,
1032 1862 1154 1936 inflan-

165 1980 370 2049 mationem
387 1975 519 2065 fuisse,
539 2002 653 2076 supra
670 1980 785 2074 (dest
796 2003 823 2049 a
836 1977 1152 2055 nobisosneuson

164 2100 343 2167 Praeterea
363 2095 467 2192 quod
486 2095 534 2165 ad
553 2094 687 2168 febrim
709 2094 890 2168 duntaxat
915 2100 1104 2196 pertinet,
1117 2096 1155 2169 le

165 2239 229 2313 gas
255 2213 557 2285 observationem
583 2238 604 2284 a
625 2214 670 2285 cl.
698 2218 798 2285 Rosa
823 2213 879 2311 (n)
900 2219 1153 2316 perscriptam:

164 2337 370 2403 nnr'versum
393 2337 650 2403 intestinorum
665 2347 826 2425 systema
840 2330 956 2405 fuisse
965 2336 1155 2433 ustam

165 2455 265 2521 tione
278 2465 497 2548 corruptum
507 2474 555 2520 ae
565 2449 771 2521 arderatum
788 2451 982 2547 reperies-a
998 2462 1154 2525 ettamen

164 2576 201 2639 in
219 2583 297 2638 toto
312 2569 434 2639 morbi
446 2567 604 2640 decursu
618 2594 665 2640 ne
675 2568 1156 2670 minimamqnidemprdso

163 2693 407 2758 intensionem
417 2701 487 2756 ant
501 2684 781 2778 motusfebm'les
791 2688 1154 2786 observaripotuino

162 2809 208 2876 Et
243 2804 305 2876 hic
333 2804 488 2900 quidem
516 2803 745 2900 peculiarem
774 2827 902 2874 misum
934 2803 1158 2877 describebat

161 2919 378 3019 anno·1745.
400 2920 471 2991 Sed
493 2937 579 2992 aute
604 2920 751 3018 ipsum,
779 2946 858 2991 uon
881 2937 974 2993 aute
999 2942 1157 2995 incorum

160 3054 434 3138 praeceptorum
463 3040 613 3135 meique
641 3041 757 3136 ipsius
789 3039 1102 3126 ohservationes,
1125 3060 1156 3113 tt

160 3157 328 3229 ediderat
356 3157 423 3228 cel
456 3159 677 3244 Simsonus‚.
698 3183 785 3254 quie.
806 3157 953 3229 illustri
971 3160 1156 3233 archium

160 3274 361 3345 Swietenio
370 3274 570 3372 (3)juslam
584 3276 819 3346 occasionem
833 3274 1123 3371 praehuerunt
1093 3294 1157 3373 ejus

158 3391 342 3465 laudandi
363 3409 400 3465 et
430 3391 684 3464 confirmandi
717 3391 843 3464 verbis
871 3392 968 3481 illis,
992 3420 1080 3494 quo.
1101 3388 1154 3467 etsi

195 3698 240 3776 (ι)
258 3700 298 3756 N.
311 3716 360 3754 20.

195 3798 241 3876 (a)
261 3782 330 3855 A'ct.
348 3799 385 3854 N.
400 3798 433 3855 C.
448 3809 520 3854 tom.
536 3796 571 3869 δ’,
584 3797 650 3852 obs.
666 3802 714 3869 47.

196 3898 240 3977 (3)
262 3900 426 3958 Comment.
442 3898 475 3956 in
486 3894 592 3955 Boerh.
604 3898 672 3974 aph.
685 3902 710 3969 S.
729 3898 797 3970 371.
