2580 4514
141 368 214 453 304
285 390 332 436 nr
358 386 503 435 sununs
528 386 573 433 nr
597 384 721 433 ctnsrs
746 384 962 435 uomonmr
992 392 995 403 ·

139 517 403 599 conspectam3
423 515 459 571 at
475 499 602 570 mirari
623 498 772 572 desines
788 500 855 571 ubi
875 524 918 571 ea
937 500 1125 599 perpende

138 621 190 691 ris
203 643 285 715 quse
300 632 383 715 post
400 616 701 688 observationem
715 615 947 715 adscribam,

192 735 248 808 33.
280 736 394 832 Virgo
422 734 469 805 ad
495 735 665 832 quinque
688 749 726 806 et
752 734 1006 834 quadraginta
1030 758 1128 807 annos

142 869 243 940 nata,
262 853 381 949 capite
399 850 449 921 ob
464 850 610 947 lapsum
624 851 838 948 gravissime
856 851 961 939 icto,
977 876 1057 925 non
1068 875 1128 921 mo

30 1032 37 1045 ,
143 971 193 1042 do
213 969 456 1050 intermina,
477 968 540 1039 sed
562 991 711 1065 semper
726 969 889 1056 vomuit3
915 967 1000 1041 dies
1025 983 1128 1039 autem

141 1089 180 1158 in
199 1086 273 1158 hoc
290 1085 512 1156 nosocomio
528 1086 618 1156 vixit
635 1085 719 1182 plus
735 1088 843 1174 XXI,
861 1085 914 1156 sic
931 1084 1085 1183 quidem
1099 1098 1130 1155 ut

143 1229 237 1301 saepe
260 1203 431 1298 jamjam
450 1203 633 1273 moritura
659 1201 860 1273 videretur.
890 1204 1058 1291 Venter,
1074 1200 1130 1272 hu·

138 1323 199 1418 jus
229 1322 330 1392 euim
359 1319 540 1391 duntaxat
570 1321 731 1408 viscera,
755 1343 881 1416 neque
915 1317 1001 1391 baec
1026 1317 1130 1390 morbi

143 1463 272 1524 eausa,
289 1440 455 1534 inspexi,
475 1436 599 1535 tepida
616 1439 726 1508 etiam
744 1452 824 1508 tum
841 1437 1022 1509 intestina
1036 1435 1131 1508 habe·
1172 1452 1174 1541 ξ

142 1556 225 1643 bat;
251 1556 398 1626 tametsi
427 1580 506 1625 non
535 1556 666 1652 prucis
690 1580 711 1625 a
736 1570 858 1626 morte
884 1553 995 1627 horis
1022 1570 1137 1652 tango·
1172 1640 1174 1645 Ι

140 1671 247 1757 bam,
268 1687 304 1742 et
325 1696 397 1741 una
416 1686 515 1743 certe
534 1696 578 1742 ex
593 1697 668 1767 quo
686 1671 877 1744 abdomen
895 1686 1071 1771 apertum
1089 1671 1131 1743 di·'

140 1787 373 1884 ductumque
387 1785 518 1874 fuerat,
535 1812 620 1859 cum
634 1788 736 1859 aliud
749 1790 894 1860 interea
906 1789 1129 1888 expedirem,

141 1920 345 1993 transacta,
369 1920 539 2003 tempore
568 1909 656 1976 anui
681 1903 836 2004 frigide,
866 1907 1016 2007 quippe
1050 1909 1129 1980 ciret
1167 1906 1170 1911 ’

141 2023 307 2093 medium
326 2022 563 2094 decembrem
591 2025 680 2093 anni
702 2029 815 2120 1724,
833 2037 1061 2122 tempestate
1080 2048 1130 2094 au·

140 2155 215 2212 tem
246 2138 491 2237 frigidissima.
534 2143 805 2211 Intestinorum
823 2144 1022 2213 tenuium
1061 2164 1131 2241 pars

140 2256 230 2328 flatu
248 2272 326 2328 erat
342 2257 518 2342 distenta,
535 2284 576 2329 ea
596 2260 800 2354 presertim
824 2283 908 2355 quae
933 2285 1036 2332 caeco
1059 2258 1130 2334 sub-

141 2391 231 2463 erat,
242 2377 366 2472 itaque
380 2375 453 2445 hoc
472 2400 556 2448 cum
570 2376 818 2473 appendicula
831 2393 1052 2451 antrorsum
1063 2402 1132 2449 ver-

139 2508 255 2564 terat:
276 2517 362 2591 pars
388 2493 532 2590 reliqua
559 2519 637 2564 non
658 2496 737 2565 sine
763 2492 881 2566 fetore
902 2496 1038 2594 aliquo
1060 2492 1132 2568 sub

138 2610 254 2682 rubra
272 2626 359 2681 erat.
379 2614 424 2679 In
446 2609 515 2682 hac
535 2613 810 2709 susceptionem
826 2612 996 2703 vidimus
1011 2615 1134 2712 deque

137 2728 332 2826 loquimur
358 2754 434 2798 non
460 2730 585 2799 minus
600 2728 832 2818 evidentem,
845 2731 925 2802 imo
943 2734 1059 2804 etiam
1070 2733 1134 2803 lon·

53 2903 56 2907 >
139 2848 281 2942 giorem
299 2846 492 2942 aliquanto
505 2870 617 2942 quam
638 2846 685 2916 ab
704 2847 895 2943 Ruyschio
912 2864 970 2921 est
986 2849 1140 2922 delium-3

137 2977 173 3032 ta
199 2963 263 3060 (ι)
284 2963 355 3034 Sed
371 2963 462 3033 dum
479 2987 551 3060 qua
569 2966 608 3032 in
632 2964 718 3034 sede
741 2966 1012 3039 intestinorum
1031 2980 1133 3054 esset,

1156 944 1164 977 t

138 3094 174 3150 et
186 3105 300 3176 quam
316 3095 434 3167 arcta,
451 3104 542 3165 aveo
556 3068 767 3152 distinctius
780 3106 1037 3179 cognoscere,
1052 3084 1141 3156 ideo·

137 3221 212 3293 que
230 3212 270 3266 ut
288 3196 334 3266 ab
352 3196 469 3267 altero
484 3199 654 3268 tenuium
670 3202 789 3295 capite
808 3201 1015 3298 incipiam,
1033 3206 1135 3275 intes-

136 3314 215 3383 tina
230 3315 380 3401 leviter,
399 3329 441 3384 ut
457 3313 521 3402 fit,
536 3315 625 3384 hinc
642 3314 745 3386 illinc
765 3317 964 3408 dimoveo,
980 3320 1136 3419 hocqui-

136 3430 222 3502 dem
254 3432 427 3529 praeclare
461 3432 646 3517 intellexi,
677 3433 770 3504 illud
800 3461 890 3506 vero
920 3437 1133 3535 dignoscere

135 3548 295 3646 amplius
319 3574 397 3619 non
429 3550 547 3646 potui.
573 3553 665 3619 Nam
701 3552 880 3624 tenuibus
913 3558 1063 3629 cunctis
1092 3552 1133 3625 ab

172 3919 216 4000 (r)
236 3924 308 3981 Obs.
326 3921 398 3978 chir.
417 3935 496 3979 anat.
515 3922 564 3999 fig.
580 3931 628 3995 74.
