<?xml version="1.0" encoding="UTF-8"?>
<!DOCTYPE html PUBLIC "-//W3C//DTD XHTML 1.0 Transitional//EN"
    "http://www.w3.org/TR/xhtml1/DTD/xhtml1-transitional.dtd">
<html xmlns="http://www.w3.org/1999/xhtml" xml:lang="en" lang="en">
 <head>
  <title>
</title>
<meta http-equiv="Content-Type" content="text/html;charset=utf-8" />
  <meta name='ocr-system' content='tesseract 3.04.00' />
  <meta name='ocr-capabilities' content='ocr_page ocr_carea ocr_par ocr_line ocrx_word'/>
</head>
<body>
  <div class='ocr_page' id='page_1' title='image "./desedibusetcaus00adelgoog_0645.png"; bbox 0 0 2580 4514; ppageno 0'>
   <div class='ocr_carea' id='block_1_1' title="bbox 146 370 997 465">
    <p class='ocr_par' dir='ltr' id='par_1_1' title="bbox 146 370 997 465">
     <span class='ocr_line' id='line_1_1' title="bbox 146 370 997 465; baseline -0.007 -19"><span class='ocrx_word' id='word_1_1' title='bbox 146 370 216 446; x_wconf 78' lang='lat'>652</span> <span class='ocrx_word' id='word_1_2' title='bbox 278 395 350 465; x_wconf 77' lang='lat' dir='ltr'>¹nn</span> <span class='ocrx_word' id='word_1_3' title='bbox 376 394 523 457; x_wconf 76' lang='lat' dir='ltr'>moinus</span> <span class='ocrx_word' id='word_1_4' title='bbox 548 394 591 440; x_wconf 75' lang='lat' dir='ltr'>nr</span> <span class='ocrx_word' id='word_1_5' title='bbox 618 391 743 441; x_wconf 74' lang='lat' dir='ltr'>cauus</span> <span class='ocrx_word' id='word_1_6' title='bbox 769 391 997 440; x_wconf 76' lang='lat' dir='ltr'>noanonmt</span> 
     </span>
    </p>
   </div>
   <div class='ocr_carea' id='block_1_2' title="bbox 141 477 1153 2832">
    <p class='ocr_par' dir='ltr' id='par_1_2' title="bbox 141 477 1153 2832">
     <span class='ocr_line' id='line_1_2' title="bbox 144 477 1153 608; baseline -0.005 -28"><span class='ocrx_word' id='word_1_7' title='bbox 144 533 230 608; x_wconf 69' lang='lat' dir='ltr'>quae</span> <span class='ocrx_word' id='word_1_8' title='bbox 239 505 422 607; x_wconf 84' lang='lat' dir='ltr'>pellicula</span> <span class='ocrx_word' id='word_1_9' title='bbox 438 521 491 577; x_wconf 82' lang='lat' dir='ltr'>ost</span> <span class='ocrx_word' id='word_1_10' title='bbox 503 505 735 605; x_wconf 81' lang='lat' dir='ltr'><em>panniculus</em></span> <span class='ocrx_word' id='word_1_11' title='bbox 757 506 1058 580; x_wconf 79' lang='lat' dir='ltr'><em>circumvolvens</em></span> <span class='ocrx_word' id='word_1_12' title='bbox 1077 477 1153 576; x_wconf 70' lang='lat' dir='ltr'>irtus·</span> 
     </span>
     <span class='ocr_line' id='line_1_3' title="bbox 144 621 1151 721; baseline -0.002 -25"><span class='ocrx_word' id='word_1_13' title='bbox 144 625 265 712; x_wconf 82' lang='lat' dir='ltr'>culos,</span> <span class='ocrx_word' id='word_1_14' title='bbox 299 640 366 695; x_wconf 86' lang='lat' dir='ltr'>etc.</span> <span class='ocrx_word' id='word_1_15' title='bbox 394 629 446 695; x_wconf 83' lang='lat' dir='ltr'>Ex</span> <span class='ocrx_word' id='word_1_16' title='bbox 469 621 539 694; x_wconf 88' lang='lat' dir='ltr'>hac</span> <span class='ocrx_word' id='word_1_17' title='bbox 557 624 667 694; x_wconf 87' lang='lat' dir='ltr'>etiam</span> <span class='ocrx_word' id='word_1_18' title='bbox 683 622 866 721; x_wconf 88' lang='lat' dir='ltr'>pellicula</span> <span class='ocrx_word' id='word_1_19' title='bbox 893 649 916 694; x_wconf 91' lang='lat' dir='ltr'>a</span> <span class='ocrx_word' id='word_1_20' title='bbox 936 624 1069 695; x_wconf 88' lang='lat' dir='ltr'>multis</span> <span class='ocrx_word' id='word_1_21' title='bbox 1085 648 1151 694; x_wconf 88' lang='lat' dir='ltr'>con·</span> 
     </span>
     <span class='ocr_line' id='line_1_4' title="bbox 141 738 1150 838; baseline -0.002 -25"><span class='ocrx_word' id='word_1_22' title='bbox 141 741 223 813; x_wconf 86' lang='lat' dir='ltr'>flari</span> <span class='ocrx_word' id='word_1_23' title='bbox 250 767 293 813; x_wconf 88' lang='lat' dir='ltr'>ex</span> <span class='ocrx_word' id='word_1_24' title='bbox 314 756 417 838; x_wconf 83' lang='lat' dir='ltr'>parte</span> <span class='ocrx_word' id='word_1_25' title='bbox 431 765 534 812; x_wconf 92' lang='lat' dir='ltr'>nunc</span> <span class='ocrx_word' id='word_1_26' title='bbox 560 738 670 811; x_wconf 90' lang='lat' dir='ltr'>video</span> <span class='ocrx_word' id='word_1_27' title='bbox 690 756 922 812; x_wconf 83' lang='lat' dir='ltr'>contextum</span> <span class='ocrx_word' id='word_1_28' title='bbox 946 741 1150 813; x_wconf 87' lang='lat' dir='ltr'>cellulosum</span> 
     </span>
     <span class='ocr_line' id='line_1_5' title="bbox 144 856 1151 958; baseline -0.003 -27"><span class='ocrx_word' id='word_1_29' title='bbox 144 860 353 958; x_wconf 84' lang='lat' dir='ltr'>peritonaei‚</span> <span class='ocrx_word' id='word_1_30' title='bbox 388 857 527 955; x_wconf 91' lang='lat' dir='ltr'>quibus</span> <span class='ocrx_word' id='word_1_31' title='bbox 549 857 694 928; x_wconf 89' lang='lat' dir='ltr'>cellulis</span> <span class='ocrx_word' id='word_1_32' title='bbox 722 856 769 931; x_wconf 89' lang='lat' dir='ltr'>ah</span> <span class='ocrx_word' id='word_1_33' title='bbox 798 858 1058 932; x_wconf 86' lang='lat' dir='ltr'>distendente</span> <span class='ocrx_word' id='word_1_34' title='bbox 1075 881 1151 956; x_wconf 81' lang='lat' dir='ltr'>aqua</span> 
     </span>
     <span class='ocr_line' id='line_1_6' title="bbox 144 972 1152 1074; baseline -0.002 -26"><span class='ocrx_word' id='word_1_35' title='bbox 144 977 340 1074; x_wconf 86' lang='lat' dir='ltr'><strong>disruptis,</strong></span> <span class='ocrx_word' id='word_1_36' title='bbox 358 998 489 1046; x_wconf 84' lang='lat' dir='ltr'>cavum</span> <span class='ocrx_word' id='word_1_37' title='bbox 511 972 575 1045; x_wconf 88' lang='lat' dir='ltr'>fiat</span> <span class='ocrx_word' id='word_1_38' title='bbox 592 979 689 1044; x_wconf 84' lang='lat' dir='ltr'>inter</span> <span class='ocrx_word' id='word_1_39' title='bbox 696 980 988 1073; x_wconf 84' lang='lat' dir='ltr'>peritonaeum,</span> <span class='ocrx_word' id='word_1_40' title='bbox 1009 992 1048 1048; x_wconf 87' lang='lat' dir='ltr'>et</span> <span class='ocrx_word' id='word_1_41' title='bbox 1061 975 1152 1048; x_wconf 83' lang='lat' dir='ltr'>tendi·</span> 
     </span>
     <span class='ocr_line' id='line_1_7' title="bbox 142 1092 1151 1183; baseline -0.001 -18"><span class='ocrx_word' id='word_1_42' title='bbox 142 1120 207 1165; x_wconf 85' lang='lat' dir='ltr'>nes</span> <span class='ocrx_word' id='word_1_43' title='bbox 235 1092 484 1164; x_wconf 85' lang='lat' dir='ltr'>musculorum</span> <span class='ocrx_word' id='word_1_44' title='bbox 510 1109 822 1181; x_wconf 61' lang='lat' dir='ltr'>velamentorum,</span> <span class='ocrx_word' id='word_1_45' title='bbox 848 1095 952 1183; x_wconf 89' lang='lat' dir='ltr'>sive,</span> <span class='ocrx_word' id='word_1_46' title='bbox 974 1109 1021 1165; x_wconf 90' lang='lat' dir='ltr'>ut</span> <span class='ocrx_word' id='word_1_47' title='bbox 1040 1093 1151 1165; x_wconf 85' lang='lat' dir='ltr'>melius</span> 
     </span>
     <span class='ocr_line' id='line_1_8' title="bbox 141 1209 1151 1310; baseline -0.001 -28"><span class='ocrx_word' id='word_1_48' title='bbox 141 1211 225 1295; x_wconf 83' lang='lat' dir='ltr'>alii,</span> <span class='ocrx_word' id='word_1_49' title='bbox 251 1226 288 1280; x_wconf 89' lang='lat' dir='ltr'>et</span> <span class='ocrx_word' id='word_1_50' title='bbox 315 1209 497 1282; x_wconf 82' lang='lat' dir='ltr'>musculos</span> <span class='ocrx_word' id='word_1_51' title='bbox 531 1225 764 1297; x_wconf 71' lang='lat' dir='ltr'>transversos.</span> <span class='ocrx_word' id='word_1_52' title='bbox 799 1209 877 1282; x_wconf 85' lang='lat' dir='ltr'>Sed</span> <span class='ocrx_word' id='word_1_53' title='bbox 911 1236 1014 1283; x_wconf 89' lang='lat' dir='ltr'>num</span> <span class='ocrx_word' id='word_1_54' title='bbox 1034 1214 1151 1310; x_wconf 88' lang='lat' dir='ltr'>perito·</span> 
     </span>
     <span class='ocr_line' id='line_1_9' title="bbox 142 1328 1149 1425; baseline -0.002 -26"><span class='ocrx_word' id='word_1_55' title='bbox 142 1353 264 1399; x_wconf 84' lang='lat' dir='ltr'>naeum</span> <span class='ocrx_word' id='word_1_56' title='bbox 276 1343 409 1425; x_wconf 81' lang='lat' dir='ltr'>prater</span> <span class='ocrx_word' id='word_1_57' title='bbox 421 1328 534 1398; x_wconf 90' lang='lat' dir='ltr'>istum</span> <span class='ocrx_word' id='word_1_58' title='bbox 552 1340 788 1415; x_wconf 82' lang='lat' dir='ltr'>contextum,</span> <span class='ocrx_word' id='word_1_59' title='bbox 807 1330 1053 1401; x_wconf 83' lang='lat' dir='ltr'>exteriorem</span> <span class='ocrx_word' id='word_1_60' title='bbox 1070 1329 1149 1400; x_wconf 82' lang='lat' dir='ltr'>lami</span> 
     </span>
     <span class='ocr_line' id='line_1_10' title="bbox 141 1443 1148 1546; baseline 0 -30"><span class='ocrx_word' id='word_1_61' title='bbox 141 1470 231 1516; x_wconf 88' lang='lat' dir='ltr'>nam</span> <span class='ocrx_word' id='word_1_62' title='bbox 255 1444 390 1517; x_wconf 86' lang='lat' dir='ltr'>habeat</span> <span class='ocrx_word' id='word_1_63' title='bbox 409 1443 570 1532; x_wconf 87' lang='lat' dir='ltr'>nullam,</span> <span class='ocrx_word' id='word_1_64' title='bbox 597 1467 735 1515; x_wconf 81' lang='lat' dir='ltr'>numve</span> <span class='ocrx_word' id='word_1_65' title='bbox 764 1459 982 1520; x_wconf 86' lang='lat' dir='ltr'>contextus</span> <span class='ocrx_word' id='word_1_66' title='bbox 1013 1447 1091 1546; x_wconf 91' lang='lat' dir='ltr'>ipse</span> <span class='ocrx_word' id='word_1_67' title='bbox 1111 1445 1148 1516; x_wconf 80' lang='lat' dir='ltr'>la·</span> 
     </span>
     <span class='ocr_line' id='line_1_11' title="bbox 143 1560 1147 1660; baseline -0.002 -26"><span class='ocrx_word' id='word_1_68' title='bbox 143 1564 247 1634; x_wconf 89' lang='lat' dir='ltr'>mina</span> <span class='ocrx_word' id='word_1_69' title='bbox 261 1562 388 1635; x_wconf 86' lang='lat' dir='ltr'>vocari</span> <span class='ocrx_word' id='word_1_70' title='bbox 405 1586 483 1632; x_wconf 89' lang='lat' dir='ltr'>non</span> <span class='ocrx_word' id='word_1_71' title='bbox 494 1562 632 1659; x_wconf 89' lang='lat' dir='ltr'>possit,</span> <span class='ocrx_word' id='word_1_72' title='bbox 646 1560 748 1632; x_wconf 85' lang='lat' dir='ltr'>haud</span> <span class='ocrx_word' id='word_1_73' title='bbox 761 1579 1021 1660; x_wconf 88' lang='lat' dir='ltr'>opportunus</span> <span class='ocrx_word' id='word_1_74' title='bbox 1039 1563 1097 1635; x_wconf 93' lang='lat' dir='ltr'>hic</span> <span class='ocrx_word' id='word_1_75' title='bbox 1109 1574 1147 1633; x_wconf 89' lang='lat' dir='ltr'>est</span> 
     </span>
     <span class='ocr_line' id='line_1_12' title="bbox 143 1679 1146 1778; baseline -0.001 -27"><span class='ocrx_word' id='word_1_76' title='bbox 143 1681 192 1753; x_wconf 89' lang='lat' dir='ltr'>ad</span> <span class='ocrx_word' id='word_1_77' title='bbox 203 1680 443 1778; x_wconf 80' lang='lat' dir='ltr'>quarendum</span> <span class='ocrx_word' id='word_1_78' title='bbox 457 1679 570 1750; x_wconf 90' lang='lat' dir='ltr'>locus.</span> <span class='ocrx_word' id='word_1_79' title='bbox 584 1680 677 1750; x_wconf 86' lang='lat' dir='ltr'>Satis</span> <span class='ocrx_word' id='word_1_80' title='bbox 687 1694 743 1750; x_wconf 90' lang='lat' dir='ltr'>est</span> <span class='ocrx_word' id='word_1_81' title='bbox 755 1679 976 1771; x_wconf 87' lang='lat' dir='ltr'>indicasse,</span> <span class='ocrx_word' id='word_1_82' title='bbox 991 1697 1079 1754; x_wconf 89' lang='lat' dir='ltr'>ante</span> <span class='ocrx_word' id='word_1_83' title='bbox 1089 1681 1146 1751; x_wconf 81' lang='lat' dir='ltr'>hac</span> 
     </span>
     <span class='ocr_line' id='line_1_13' title="bbox 142 1792 1147 1896; baseline -0.002 -28"><span class='ocrx_word' id='word_1_84' title='bbox 142 1798 273 1869; x_wconf 88' lang='lat' dir='ltr'>ultima</span> <span class='ocrx_word' id='word_1_85' title='bbox 292 1812 461 1894; x_wconf 87' lang='lat' dir='ltr'>tempora</span> <span class='ocrx_word' id='word_1_86' title='bbox 480 1821 559 1867; x_wconf 88' lang='lat' dir='ltr'>non</span> <span class='ocrx_word' id='word_1_87' title='bbox 576 1792 735 1868; x_wconf 84' lang='lat' dir='ltr'>defuisse</span> <span class='ocrx_word' id='word_1_88' title='bbox 753 1797 822 1892; x_wconf 90' lang='lat' dir='ltr'>qui</span> <span class='ocrx_word' id='word_1_89' title='bbox 837 1795 965 1893; x_wconf 87' lang='lat' dir='ltr'>hujus</span> <span class='ocrx_word' id='word_1_90' title='bbox 981 1798 1147 1896; x_wconf 86' lang='lat' dir='ltr'>hydropis</span> 
     </span>
     <span class='ocr_line' id='line_1_14' title="bbox 144 1914 1147 2012; baseline 0 -25"><span class='ocrx_word' id='word_1_91' title='bbox 144 1914 270 1987; x_wconf 89' lang='lat' dir='ltr'>sedem</span> <span class='ocrx_word' id='word_1_92' title='bbox 288 1915 385 1985; x_wconf 88' lang='lat' dir='ltr'>inter</span> <span class='ocrx_word' id='word_1_93' title='bbox 405 1915 665 2012; x_wconf 83' lang='lat' dir='ltr'>peritonaeum‚</span> <span class='ocrx_word' id='word_1_94' title='bbox 683 1927 720 1985; x_wconf 92' lang='lat' dir='ltr'>et</span> <span class='ocrx_word' id='word_1_95' title='bbox 733 1915 937 1988; x_wconf 82' lang='lat' dir='ltr'>musculos</span> <span class='ocrx_word' id='word_1_96' title='bbox 956 1917 1147 1988; x_wconf 74' lang='lat' dir='ltr'>collocare·</span> 
     </span>
     <span class='ocr_line' id='line_1_15' title="bbox 143 2029 1146 2132; baseline 0.002 -30"><span class='ocrx_word' id='word_1_97' title='bbox 143 2032 203 2102; x_wconf 91' lang='lat' dir='ltr'>rit.</span> <span class='ocrx_word' id='word_1_98' title='bbox 222 2030 406 2128; x_wconf 84' lang='lat' dir='ltr'>Equidem</span> <span class='ocrx_word' id='word_1_99' title='bbox 422 2030 620 2129; x_wconf 84' lang='lat' dir='ltr'>Bogdanus</span> <span class='ocrx_word' id='word_1_100' title='bbox 634 2053 714 2125; x_wconf 92' lang='lat' dir='ltr'>quo</span> <span class='ocrx_word' id='word_1_101' title='bbox 730 2054 833 2100; x_wconf 87' lang='lat' dir='ltr'>anno</span> <span class='ocrx_word' id='word_1_102' title='bbox 855 2029 928 2102; x_wconf 90' lang='lat' dir='ltr'>illa</span> <span class='ocrx_word' id='word_1_103' title='bbox 940 2033 1146 2132; x_wconf 80' lang='lat' dir='ltr'>scripserit,</span> 
     </span>
     <span class='ocr_line' id='line_1_16' title="bbox 144 2145 1146 2248; baseline -0.004 -28"><span class='ocrx_word' id='word_1_104' title='bbox 144 2151 333 2238; x_wconf 81' lang='lat' dir='ltr'>nesei03at</span> <span class='ocrx_word' id='word_1_105' title='bbox 344 2164 443 2220; x_wconf 87' lang='lat' dir='ltr'>certe</span> <span class='ocrx_word' id='word_1_106' title='bbox 455 2145 712 2244; x_wconf 83' lang='lat' dir='ltr'>an.1665‚ipsa</span> <span class='ocrx_word' id='word_1_107' title='bbox 721 2146 1146 2248; x_wconf 83' lang='lat' dir='ltr'>ediditBartholinus(1).</span> 
     </span>
     <span class='ocr_line' id='line_1_17' title="bbox 144 2264 1148 2365; baseline 0 -26"><span class='ocrx_word' id='word_1_108' title='bbox 144 2268 215 2339; x_wconf 88' lang='lat' dir='ltr'>Sed</span> <span class='ocrx_word' id='word_1_109' title='bbox 228 2284 265 2340; x_wconf 88' lang='lat' dir='ltr'>et</span> <span class='ocrx_word' id='word_1_110' title='bbox 277 2266 476 2338; x_wconf 87' lang='lat' dir='ltr'>duodecim</span> <span class='ocrx_word' id='word_1_111' title='bbox 492 2281 576 2336; x_wconf 90' lang='lat' dir='ltr'>ante</span> <span class='ocrx_word' id='word_1_112' title='bbox 591 2264 1094 2342; x_wconf 85' lang='lat' dir='ltr'>annisOlausRudbeckius</span> <span class='ocrx_word' id='word_1_113' title='bbox 1104 2265 1148 2365; x_wconf 80' lang='lat' dir='ltr'>(t)</span> 
     </span>
     <span class='ocr_line' id='line_1_18' title="bbox 141 2381 1147 2480; baseline -0.003 -25"><span class='ocrx_word' id='word_1_114' title='bbox 141 2410 220 2456; x_wconf 91' lang='lat' dir='ltr'>non</span> <span class='ocrx_word' id='word_1_115' title='bbox 240 2385 473 2455; x_wconf 85' lang='lat' dir='ltr'>dubitaverat</span> <span class='ocrx_word' id='word_1_116' title='bbox 492 2382 585 2480; x_wconf 91' lang='lat' dir='ltr'>quin</span> <span class='ocrx_word' id='word_1_117' title='bbox 605 2386 701 2450; x_wconf 83' lang='lat' dir='ltr'>inter</span> <span class='ocrx_word' id='word_1_118' title='bbox 723 2381 918 2454; x_wconf 86' lang='lat' dir='ltr'>musculos</span> <span class='ocrx_word' id='word_1_119' title='bbox 949 2386 1147 2457; x_wconf 79' lang='lat' dir='ltr'>abdominis</span> 
     </span>
     <span class='ocr_line' id='line_1_19' title="bbox 144 2498 1147 2601; baseline -0.004 -28"><span class='ocrx_word' id='word_1_120' title='bbox 144 2509 434 2601; x_wconf 86' lang='lat' dir='ltr'>etperitonoeum</span> <span class='ocrx_word' id='word_1_121' title='bbox 443 2515 569 2598; x_wconf 86' lang='lat' dir='ltr'>posset</span> <span class='ocrx_word' id='word_1_122' title='bbox 580 2498 948 2597; x_wconf 82' lang='lat' dir='ltr'>turnorhydropicus</span> <span class='ocrx_word' id='word_1_123' title='bbox 950 2506 1147 2601; x_wconf 82' lang='lat' dir='ltr'>procreari.</span> 
     </span>
     <span class='ocr_line' id='line_1_20' title="bbox 142 2617 1150 2719; baseline -0.002 -28"><span class='ocrx_word' id='word_1_124' title='bbox 142 2625 252 2692; x_wconf 82' lang='lat' dir='ltr'>Anno</span> <span class='ocrx_word' id='word_1_125' title='bbox 268 2635 392 2691; x_wconf 86' lang='lat' dir='ltr'>autem</span> <span class='ocrx_word' id='word_1_126' title='bbox 411 2619 513 2716; x_wconf 76' lang='lat'><strong>1677,</strong></span> <span class='ocrx_word' id='word_1_127' title='bbox 531 2619 571 2687; x_wconf 94' lang='lat' dir='ltr'>in</span> <span class='ocrx_word' id='word_1_128' title='bbox 587 2617 732 2714; x_wconf 84' lang='lat' dir='ltr'>virgine</span> <span class='ocrx_word' id='word_1_129' title='bbox 747 2641 889 2713; x_wconf 89' lang='lat' dir='ltr'>aquam</span> <span class='ocrx_word' id='word_1_130' title='bbox 903 2620 1150 2719; x_wconf 86' lang='lat' dir='ltr'>deprehendit</span> 
     </span>
     <span class='ocr_line' id='line_1_21' title="bbox 144 2733 1151 2832; baseline -0.006 -21"><span class='ocrx_word' id='word_1_131' title='bbox 144 2738 331 2811; x_wconf 87' lang='lat' dir='ltr'>Gerardus</span> <span class='ocrx_word' id='word_1_132' title='bbox 349 2738 488 2808; x_wconf 86' lang='lat' dir='ltr'>Blasius</span> <span class='ocrx_word' id='word_1_133' title='bbox 503 2733 564 2832; x_wconf 82' lang='lat'>(3)</span> <span class='ocrx_word' id='word_1_134' title='bbox 577 2740 677 2803; x_wconf 78' lang='lat' dir='ltr'>intro</span> <span class='ocrx_word' id='word_1_135' title='bbox 689 2735 877 2807; x_wconf 85' lang='lat' dir='ltr'>musculos</span> <span class='ocrx_word' id='word_1_136' title='bbox 896 2738 1116 2810; x_wconf 78' lang='lat' dir='ltr'>abdominis</span> <span class='ocrx_word' id='word_1_137' title='bbox 1126 2750 1151 2808; x_wconf 83' lang='lat' dir='ltr'>et</span> 
     </span>
    </p>
   </div>
   <div class='ocr_carea' id='block_1_3' title="bbox 138 2849 1148 3541">
    <p class='ocr_par' dir='ltr' id='par_1_3' title="bbox 138 2849 1148 3541">
     <span class='ocr_line' id='line_1_22' title="bbox 138 2849 1148 2956; baseline -0.001 -30"><span class='ocrx_word' id='word_1_138' title='bbox 138 2863 396 2955; x_wconf 81' lang='lat' dir='ltr'>peritonoeum.</span> <span class='ocrx_word' id='word_1_139' title='bbox 415 2854 485 2924; x_wconf 86' lang='lat' dir='ltr'>Hic</span> <span class='ocrx_word' id='word_1_140' title='bbox 503 2866 628 2924; x_wconf 88' lang='lat' dir='ltr'>tamen</span> <span class='ocrx_word' id='word_1_141' title='bbox 646 2851 744 2922; x_wconf 88' lang='lat' dir='ltr'>inter</span> <span class='ocrx_word' id='word_1_142' title='bbox 759 2849 856 2923; x_wconf 89' lang='lat' dir='ltr'>duas</span> <span class='ocrx_word' id='word_1_143' title='bbox 878 2878 1048 2954; x_wconf 91' lang='lat' dir='ltr'>quoque</span> <span class='ocrx_word' id='word_1_144' title='bbox 1069 2857 1148 2956; x_wconf 90' lang='lat' dir='ltr'>peri-</span> 
     </span>
     <span class='ocr_line' id='line_1_23' title="bbox 138 2972 1147 3070; baseline -0.005 -23"><span class='ocrx_word' id='word_1_145' title='bbox 138 2977 251 3047; x_wconf 84' lang='lat' dir='ltr'>tonaei</span> <span class='ocrx_word' id='word_1_146' title='bbox 279 2977 436 3047; x_wconf 88' lang='lat' dir='ltr'>laminas</span> <span class='ocrx_word' id='word_1_147' title='bbox 472 2974 572 3045; x_wconf 92' lang='lat' dir='ltr'>idem</span> <span class='ocrx_word' id='word_1_148' title='bbox 598 2972 818 3068; x_wconf 85' lang='lat' dir='ltr'>contingere</span> <span class='ocrx_word' id='word_1_149' title='bbox 850 2997 972 3070; x_wconf 87' lang='lat' dir='ltr'>posse</span> <span class='ocrx_word' id='word_1_150' title='bbox 1010 2977 1147 3049; x_wconf 86' lang='lat' dir='ltr'>censuit.</span> 
     </span>
     <span class='ocr_line' id='line_1_24' title="bbox 140 3088 1146 3192; baseline -0.002 -28"><span class='ocrx_word' id='word_1_151' title='bbox 140 3093 252 3184; x_wconf 91' lang='lat' dir='ltr'>Quod</span> <span class='ocrx_word' id='word_1_152' title='bbox 275 3108 311 3164; x_wconf 89' lang='lat' dir='ltr'>et</span> <span class='ocrx_word' id='word_1_153' title='bbox 337 3093 535 3189; x_wconf 81' lang='lat' dir='ltr'>contigisse</span> <span class='ocrx_word' id='word_1_154' title='bbox 555 3088 757 3160; x_wconf 90' lang='lat' dir='ltr'>dicendum</span> <span class='ocrx_word' id='word_1_155' title='bbox 779 3105 878 3162; x_wconf 88' lang='lat' dir='ltr'>esset</span> <span class='ocrx_word' id='word_1_156' title='bbox 899 3093 944 3164; x_wconf 89' lang='lat' dir='ltr'>in</span> <span class='ocrx_word' id='word_1_157' title='bbox 967 3095 1146 3192; x_wconf 86' lang='lat' dir='ltr'>plerisque</span> 
     </span>
     <span class='ocr_line' id='line_1_25' title="bbox 142 3208 1147 3303; baseline -0.001 -22"><span class='ocrx_word' id='word_1_158' title='bbox 142 3208 485 3295; x_wconf 86' lang='lat' dir='ltr'>observationibus,</span> <span class='ocrx_word' id='word_1_159' title='bbox 509 3208 581 3278; x_wconf 90' lang='lat' dir='ltr'>nisi</span> <span class='ocrx_word' id='word_1_160' title='bbox 598 3208 664 3303; x_wconf 91' lang='lat' dir='ltr'>qui</span> <span class='ocrx_word' id='word_1_161' title='bbox 686 3221 911 3279; x_wconf 86' lang='lat' dir='ltr'>contextum</span> <span class='ocrx_word' id='word_1_162' title='bbox 934 3212 1147 3285; x_wconf 82' lang='lat' dir='ltr'>cellulosun</span> 
     </span>
     <span class='ocr_line' id='line_1_26' title="bbox 141 3322 1146 3424; baseline 0 -26"><span class='ocrx_word' id='word_1_163' title='bbox 141 3327 327 3424; x_wconf 88' lang='lat' dir='ltr'>disrumpi</span> <span class='ocrx_word' id='word_1_164' title='bbox 343 3329 468 3416; x_wconf 89' lang='lat' dir='ltr'>aiunt,</span> <span class='ocrx_word' id='word_1_165' title='bbox 497 3322 725 3422; x_wconf 87' lang='lat' dir='ltr'>respondere</span> <span class='ocrx_word' id='word_1_166' title='bbox 747 3342 909 3421; x_wconf 88' lang='lat' dir='ltr'>possent</span> <span class='ocrx_word' id='word_1_167' title='bbox 934 3333 1146 3403; x_wconf 87' lang='lat' dir='ltr'>exteriorem</span> 
     </span>
     <span class='ocr_line' id='line_1_27' title="bbox 142 3439 1148 3541; baseline -0.001 -26"><span class='ocrx_word' id='word_1_168' title='bbox 142 3443 256 3541; x_wconf 91' lang='lat' dir='ltr'>hujus</span> <span class='ocrx_word' id='word_1_169' title='bbox 281 3458 446 3541; x_wconf 88' lang='lat' dir='ltr'>partem,</span> <span class='ocrx_word' id='word_1_170' title='bbox 474 3441 521 3511; x_wconf 90' lang='lat' dir='ltr'>ad</span> <span class='ocrx_word' id='word_1_171' title='bbox 545 3439 736 3517; x_wconf 87' lang='lat' dir='ltr'>musculos</span> <span class='ocrx_word' id='word_1_172' title='bbox 759 3439 1049 3538; x_wconf 85' lang='lat' dir='ltr'>adhaerentem,</span> <span class='ocrx_word' id='word_1_173' title='bbox 1075 3463 1148 3519; x_wconf 88' lang='lat' dir='ltr'>tunc</span> 
     </span>
    </p>
   </div>
   <div class='ocr_carea' id='block_1_4' title="bbox 181 3742 961 4022">
    <p class='ocr_par' dir='ltr' id='par_1_4' title="bbox 181 3742 961 4022">
     <span class='ocr_line' id='line_1_28' title="bbox 181 3742 708 3824; baseline -0.008 -24"><span class='ocrx_word' id='word_1_174' title='bbox 181 3742 224 3824; x_wconf 86' lang='lat'>(1)</span> <span class='ocrx_word' id='word_1_175' title='bbox 249 3748 284 3801; x_wconf 91' lang='lat' dir='ltr'>In</span> <span class='ocrx_word' id='word_1_176' title='bbox 299 3763 316 3801; x_wconf 78' lang='lat' dir='ltr'>a</span> <span class='ocrx_word' id='word_1_177' title='bbox 332 3745 403 3802; x_wconf 91' lang='lat' dir='ltr'>edit.</span> <span class='ocrx_word' id='word_1_178' title='bbox 419 3743 508 3799; x_wconf 89' lang='lat' dir='ltr'>cultri</span> <span class='ocrx_word' id='word_1_179' title='bbox 524 3751 606 3798; x_wconf 87' lang='lat' dir='ltr'>anat.</span> <span class='ocrx_word' id='word_1_180' title='bbox 621 3744 708 3817; x_wconf 79' lang='lat' dir='ltr'>lyser.</span> 
     </span>
     <span class='ocr_line' id='line_1_29' title="bbox 182 3826 961 3926; baseline 0.008 -27"><span class='ocrx_word' id='word_1_181' title='bbox 182 3842 223 3924; x_wconf 72' lang='lat' dir='ltr'>(a)</span> <span class='ocrx_word' id='word_1_182' title='bbox 246 3847 349 3900; x_wconf 82' lang='lat' dir='ltr'>Exere.</span> <span class='ocrx_word' id='word_1_183' title='bbox 365 3854 444 3899; x_wconf 88' lang='lat' dir='ltr'>anat.</span> <span class='ocrx_word' id='word_1_184' title='bbox 461 3826 651 3900; x_wconf 52' lang='lat' dir='ltr'>exhibsduct.</span> <span class='ocrx_word' id='word_1_185' title='bbox 665 3840 735 3916; x_wconf 83' lang='lat' dir='ltr'>hep.</span> <span class='ocrx_word' id='word_1_186' title='bbox 752 3859 866 3920; x_wconf 74' lang='lat' dir='ltr'>aquus.</span> <span class='ocrx_word' id='word_1_187' title='bbox 882 3867 911 3905; x_wconf 90' lang='lat' dir='ltr'>e.</span> <span class='ocrx_word' id='word_1_188' title='bbox 928 3868 961 3926; x_wconf 85' lang='lat'>9.</span> 
     </span>
     <span class='ocr_line' id='line_1_30' title="bbox 182 3939 689 4022; baseline -0.01 -21"><span class='ocrx_word' id='word_1_189' title='bbox 182 3941 223 4022; x_wconf 81' lang='lat'>(3)</span> <span class='ocrx_word' id='word_1_190' title='bbox 244 3947 276 4000; x_wconf 89' lang='lat' dir='ltr'>P.</span> <span class='ocrx_word' id='word_1_191' title='bbox 296 3963 326 4016; x_wconf 89' lang='lat'>1,</span> <span class='ocrx_word' id='word_1_192' title='bbox 344 3943 408 4001; x_wconf 83' lang='lat' dir='ltr'>obs.</span> <span class='ocrx_word' id='word_1_193' title='bbox 423 3943 500 4000; x_wconf 86' lang='lat' dir='ltr'>med.</span> <span class='ocrx_word' id='word_1_194' title='bbox 519 3942 575 3999; x_wconf 87' lang='lat'>18·.-</span> <span class='ocrx_word' id='word_1_195' title='bbox 685 3939 689 3946; x_wconf 83' lang='grc'><strong>’</strong></span> 
     </span>
    </p>
   </div>
   <div class='ocr_carea' id='block_1_5' title="bbox 0 0 1294 4514">
    <p class='ocr_par' dir='ltr' id='par_1_5' title="bbox 0 0 1294 4514">
     <span class='ocr_line' id='line_1_31' title="bbox 0 0 1294 4514; baseline 0 0"><span class='ocrx_word' id='word_1_196' title='bbox 0 0 1294 4514; x_wconf 95' lang='lat' dir='ltr'> </span> 
     </span>
    </p>
   </div>
  </div>
 </body>
</html>
