2580 4514
223 403 269 474 92
398 403 443 447 DE
470 400 616 448 SEDIBUS
641 401 686 446 BT
711 400 835 448 oausls
861 401 1068 448 MORBORUM

226 511 483 586 diuturniores
515 539 593 584 non
619 513 728 584 multi
764 516 1009 611 reperiuntur
1040 541 1047 582 :
1084 512 1231 584 eadem·

228 655 303 726 que
334 645 388 701 est
414 656 526 727 quam
551 630 643 723 tibi,
665 657 752 703 cum
775 631 822 702 de
846 631 1091 728 palpitatione
1112 629 1232 702 cordis

230 748 433 818 scriberem
454 747 560 852 (1),a
578 773 638 819 me
657 748 897 846 peculiariter
915 749 1140 846 promissam
1160 771 1233 818 mee

231 890 335 935 mim.

283 1010 314 1080 7.
335 982 480 1055 Nobilis
496 999 668 1055 matrona
686 985 882 1070 Patavina,
901 1009 984 1079 quae
1006 983 1054 1054 ab
1071 996 1164 1052 ortu
1180 1004 1231 1051 us·

233 1125 308 1196 que
325 1125 419 1197 saepe
436 1100 531 1173 adeo
548 1101 603 1171 lac
623 1100 832 1196 rejiciebat,
851 1115 892 1171 ut
910 1102 1037 1171 nutrix
1054 1100 1230 1170 victuram

235 1217 469 1314 desperaret,
501 1219 627 1289 adulta
656 1217 924 1305 nihilominus,
953 1232 1089 1315 nupta,
1110 1216 1231 1310 etjam
1259 1229 1263 1233 '

233 1335 400 1433 plurium
414 1334 620 1405 liberorum
635 1359 889 1433 parens,cu1n
905 1351 1082 1432 quartum
1097 1355 1231 1404 annum

235 1467 361 1548 ageret
378 1467 415 1522 et
430 1453 681 1548 trigesimum,
702 1454 815 1549 coepit
831 1453 869 1521 in
889 1452 1094 1549 puerperio
1110 1449 1233 1546 saepius

235 1569 382 1638 vomitu
400 1566 591 1656 laborare,
608 1594 628 1639 a
648 1594 724 1665 quo
754 1567 905 1640 duobus
934 1584 1021 1665 post
1049 1565 1234 1661 mensibus

238 1709 275 1755 se
293 1682 549 1760 liberamfore
572 1688 611 1754 in
637 1701 830 1783 posterum
853 1685 1032 1772 credidit,
1052 1710 1139 1756 cum
1167 1681 1233 1781 glo·

190 1840 195 1855 ·
237 1799 330 1871 bum
350 1805 539 1897 rejecisset
551 1803 766 1900 quemdam,
781 1804 965 1875 diametro
980 1803 1078 1876 duos
1090 1802 1235 1902 pollices
1280 1866 1282 1907 ÷

190 1964 194 1973 ι
240 1936 502 2016 superantem,
528 1923 689 1993 materiae
713 1937 806 1993 tunc
835 1922 1038 2008 mollioris,
1073 1921 1140 1993 sed
1163 1941 1235 2015 qua
1280 1916 1282 1955 ³

241 2062 330 2107 mox
350 2041 426 2108 aeri
445 2044 632 2137 exposita,
657 2039 855 2111 durissima
884 2054 969 2136 post
995 2037 1168 2109 triduum
1190 2037 1238 2105 in·

240 2172 353 2227 venta
367 2173 430 2229 est.
445 2163 586 2229 Verum
602 2159 683 2256 spei
695 2183 772 2228 non
791 2156 987 2254 respondit
998 2170 1164 2227 eventus.
1179 2157 1239 2224 Vo

242 2276 348 2376 mitio
364 2278 544 2373 perstitit,
562 2295 603 2347 ct.
613 2277 782 2373 quamvis
798 2299 818 2344 a
832 2275 1004 2373 pluribus
1017 2273 1174 2344 medicis
1183 2269 1240 2342 diu

243 2393 483 2489 multumque
498 2393 613 2464 modo
631 2394 782 2480 leniter,
803 2393 892 2464 alias
905 2390 1170 2463 vehementius
1186 2411 1239 2484 op·

244 2525 433 2608 pugnata3
457 2511 505 2581 ad
529 2525 690 2581 mortem
708 2534 853 2605 usque,
879 2508 918 2579 id
938 2523 992 2580 est
1006 2509 1140 2605 viginti
1156 2529 1240 2603 qua-

244 2644 332 2700 tuor
360 2631 461 2727 ipsos
483 2653 603 2700 annos
631 2629 858 2728 perduravit.
891 2626 1048 2696 Redibat
1078 2623 1239 2723 quotidie

245 2748 391 2820 duabus
407 2774 427 2818 a
442 2749 603 2847 prandio
616 2747 729 2818 horis.
746 2751 774 2817 A
789 2771 896 2816 coena
910 2770 988 2815 non
1005 2742 1168 2832 redibat,
1181 2739 1242 2813 nisi

246 2866 427 2962 postridie
455 2892 574 2937 mane.
597 2870 643 2936 Et
664 2864 751 2935 licet
775 2864 943 2935 alimenti
968 2887 1105 2960 genera
1131 2877 1242 2933 muta·

248 2998 400 3071 rentur,
419 3009 567 3081 semper
579 2982 796 3053 recurrebat
815 2981 861 3051 ad
882 2979 1057 3085 eu'mdem
1080 2979 1244 3062 modum,

249 3101 673 3196 materiamquesemper
683 3095 1066 3194 ejiciebatsubalbam,
1077 3118 1245 3179 crassam,

251 3215 440 3286 ductilem.
461 3220 582 3306 Quam
614 3219 644 3287 si
674 3217 810 3286 mulier
836 3229 1037 3286 conaretur
1065 3215 1244 3297 retinere,

250 3357 403 3428 magnas
413 3334 451 3401 in
463 3334 661 3411 ventriculi
674 3335 827 3430 regione
838 3332 1047 3430 patiebatur
1062 3328 1246 3402 molestias
1269 3414 1272 3419 Ι

252 3450 373 3520 donec
402 3451 595 3540 redderet;
613 3450 794 3522 reddebat
808 3466 932 3522 autem
950 3475 1027 3519 non
1048 3449 1129 3520 sine
1142 3471 1248 3519 cona·

251 3568 376 3640 tibus:
399 3570 463 3641 sed
488 3594 508 3639 a
532 3572 676 3641 vomitu
705 3571 832 3640 omnia
863 3567 1102 3640 sedabantur.
1140 3566 1247 3638 Alvus

290 3947 334 4024 (ι)
354 3931 448 4023 Epist.
464 3949 515 4021 23,
528 3969 560 4004 n.
576 3966 611 4006 ai
626 3949 657 4006 in
669 3947 721 4004 fin.
