2580 4514
207 302 280 398 690
376 323 422 370 nn
449 321 597 369 sentens
622 322 667 368 nr
692 322 816 371 causis
842 310 1065 377 nonnosum

205 439 283 518 tide
303 436 473 507 morbum
488 459 564 506 esse
580 435 881 534 appellandum?
903 443 1053 513 Verum
1076 444 1122 513 cl.
1144 448 1225 517 Tar·

207 557 419 657 gionius(1)
431 608 441 641 ,
453 554 537 651 qui,
555 553 674 649 siquis
686 554 802 653 alius,
821 571 859 627 et
878 557 1096 634 immanem
1118 567 1226 636 orarii

204 674 416 773 hydropem
432 672 650 770 conspexit,
664 685 701 741 et
714 671 937 771 diligenter,
949 691 1072 775 atque
1087 681 1224 753 erudite

204 792 252 865 de
266 790 340 861 hoc
351 788 489 859 morbo
501 790 668 887 scripsit,
684 812 774 878 curu⁴
785 806 1003 864 matronam
1023 814 1225 894 proponat,

205 935 289 1013 quae
307 932 428 979 annos
445 933 466 978 a
483 909 607 1004 primo
627 906 736 977 initio
756 907 803 978 ad
825 908 941 980 finem
955 910 1119 1010 triginta
1141 904 1223 1014 qlia-

205 1041 294 1101 tuor
311 1029 435 1124 ipsum
455 1024 629 1123 pertulit,
653 1026 772 1099 nimio
791 1027 969 1125 quidem,
989 1031 1121 1106 donec
1149 1051 1224 1106 aetas

206 1147 309 1231 sivit,
327 1159 609 1216 menstruorum
625 1141 749 1229 fluxu,
761 1159 799 1215 et
814 1145 960 1218 crebris
976 1147 1156 1248 denique
1170 1179 1225 1224 vo·

206 1261 447 1351 mitioribus,
468 1276 504 1332 et
522 1261 646 1357 aliqua
659 1263 698 1335 in
714 1262 957 1337 ascendendo
974 1270 1155 1364 spirandi
1169 1268 1224 1341 dil

160 1425 163 1432 ·
203 1378 370 1454 ficultate
387 1394 535 1463 vexata,
561 1392 598 1449 et
619 1380 814 1475 superiore
835 1396 943 1480 parte
965 1391 1152 1484 corporis
1171 1415 1223 1461 ex·

204 1514 371 1595 tenuata,
389 1512 562 1568 caeterum
580 1511 616 1566 et
639 1495 737 1568 hene
755 1499 986 1591 comedens,
1017 1521 1057 1577 et
1077 1507 1128 1579 ad
1151 1508 1223 1589 ulti·

206 1643 305 1688 mam
323 1639 444 1712 usque
464 1615 545 1684 vitae
570 1613 848 1709 hebdomadam
867 1633 966 1695 stare
995 1640 1160 1720 potens,
1175 1650 1223 1699 so

206 1760 300 1832 que,
318 1748 360 1804 ut
373 1730 506 1819 vellet,
526 1755 698 1822 movere,
716 1748 772 1823 et,
793 1735 897 1832 quod
916 1738 1143 1826 mirabilius
1158 1758 1223 1832 est,

206 1855 245 1922 in
265 1866 392 1939 utrum
407 1846 542 1920 liberet
552 1847 666 1937 latus,
685 1867 749 1922 aut
762 1854 914 1951 supina,
934 1854 1158 1957 humilique
1172 1887 1224 1933 ca·

206 1970 284 2067 pite
301 1993 379 2038 non
395 1966 635 2039 incommode
651 1967 810 2059 cubare;
828 1971 1028 2063 eamdem,
1047 1977 1179 2075 refert,
1193 1994 1223 2051 et

206 2085 908 2173 dumviveret,etm0rtuam,ventrem
921 2089 1221 2193 habuissequem

206 2228 303 2303 aqua¹
320 2227 402 2274 esse
418 2200 574 2299 plenum
587 2254 605 2311 ⁹.
618 2217 720 2273 tactu
739 2203 1066 2302 dignoscebatur,
1090 2215 1224 2312 quippe

205 2347 284 2420 quo
296 2320 356 2391 vel
367 2319 498 2390 leviter
514 2342 629 2391 manu
645 2344 826 2417 percusso
842 2347 961 2397 manu
976 2327 1102 2405 altera
1117 2357 1223 2430 oppo

206 2441 277 2512 sito
294 2437 400 2509 lateri
425 2435 596 2525 admota,
627 2462 704 2508 non
726 2455 974 2539 secusatque
998 2447 1041 2516 in
1072 2432 1223 2531 alreiticis

205 2556 400 2629 fluctuatio
419 2556 701 2654 persentiretur.
727 2560 778 2644 Et
802 2582 934 2633 saccus
957 2577 1095 2639 tamen
1120 2593 1223 2643 omne

205 2675 346 2747 ventris
366 2696 515 2759 cavum,
535 2695 683 2745 saccum
702 2697 822 2772 aqua,
849 2675 898 2747 ad
923 2677 1048 2763 libras
1078 2702 1223 2765 centum

163 2830 165 2833 ·
207 2791 481 2890 quinquaginta
501 2789 696 2878 estimem,
719 2790 815 2890 ¹adeo
840 2793 1054 2891 implebat,
1081 2819 1126 2884 ut
1151 2805 1225 2901 ipso

205 2912 267 3007 vix
286 2909 417 2980 leviter
432 2907 569 3011 inciso,
589 2909 759 3006 eruperit
780 2911 948 2984 maximo
975 2916 1141 3016 impetu.
1173 2927 1224 2992 An

207 3028 409 3100 discrimen
427 3024 501 3096 hoc
521 3023 609 3097 inde
628 3027 896 3124 repetendum,
911 3034 1025 3128 quod
1041 3038 1083 3119 in
1098 3040 1222 3115 Trewii

207 3145 345 3239 femina
365 3168 464 3242 aqua
479 3159 559 3215 erat
578 3142 704 3241 plures
722 3146 761 3235 in
782 3146 938 3234 cellulas
951 3151 1172 3252 dispersum
1189 3159 1220 3227 in

206 3264 396 3362 Torgionii
415 3275 538 3340 autem
557 3275 730 3335 matrona
743 3286 948 3355 cavoni»,
968 3286 1015 3347 ut
1031 3274 1131 3347 nihil
1151 3275 1222 3346 obs·

207 3397 302 3469 taret
328 3379 585 3451 fluctuationis
605 3383 893 3481 propagationi,
918 3393 1220 3488 comprehensa?

206 3499 374 3577 Fortasse
394 3497 469 3602 hoc
485 3496 670 3585 dicerem,
684 3521 808 3596 neque
824 3500 904 3591 siue
922 3505 1082 3605 aliqua,
1100 3529 1141 3589 ut
1152 3536 1219 3612 pos

251 3881 294 3958 (ι)
313 3878 412 3937 Prima
422 3875 546 3935 raccolt.
559 3876 700 3957 deterre.
712 3879 791 3949 med.
