2580 4514
188 395 259 442 nro.
289 397 422 470 imur
448 397 913 462 uonn1svurtrn1s,rrrsr.
940 399 1036 446 xxxi.
1075 382 1143 473 149

141 508 343 606 expressit3
358 509 432 580 nisi
444 509 548 606 quod
559 510 730 605 jejunum
744 511 879 608 magis,
897 535 1011 608 quam
1027 511 1142 583 ileum

140 605 1145 724 videturrepraesentare,'descriptionen1confirmante;

139 741 174 813 in
191 766 270 840 qua
279 742 408 814 eadem
420 726 502 840 qbae
511 744 626 841 paulo
640 760 726 816 ante
740 743 1002 832 indicavimus,
1012 749 1144 842 Peyeri

136 859 273 957 placita
282 858 580 957 comprobantur
588 860 778 932 verisimili
791 863 1024 956 conjectura,
1037 861 1142 959 quod

134 999 223 1049 eum
250 976 349 1047 illius
365 977 456 1049 dicti
476 977 687 1074 glandulosi
704 978 835 1075 plexus
860 977 1051 1067 deessent,
1071 978 1143 1051 ho·

133 1117 220 1163 rum
246 1109 372 1166 autem
399 1093 506 1168 sedes
532 1094 696 1192 singulas
717 1096 901 1191 occupare
922 1093 1141 1167 viderentur

133 1210 283 1308 singula
303 1212 450 1298 ulcera,
463 1210 642 1284 credibile
656 1209 778 1298 fieret,
799 1211 904 1282 initia
922 1211 1140 1305 erosionum

131 1327 172 1397 in
185 1327 321 1399 iisdem
333 1327 505 1426 plexibus
518 1329 584 1426 qui
594 1327 747 1398 tandem
758 1329 914 1399 omnino
924 1331 1140 1426 consumpti

130 1459 278 1532 essent,
300 1446 474 1518 extitisse.
507 1445 608 1536 Quin
627 1449 825 1515 Bunnerus
841 1445 880 1514 in
901 1469 943 1515 ea
963 1444 1139 1516 observa-

128 1560 236 1639 tione
258 1559 365 1657 (1)in
385 1586 461 1660 qua
477 1561 563 1659 plus
581 1563 768 1659 sexaginta
786 1564 997 1633 numeravit
1012 1561 1137 1633 ulcus-

132 1678 234 1767 cula,
252 1703 329 1749 non
347 1678 546 1766 alr'bihaec,
565 1704 677 1775 quam
703 1684 741 1748 in
758 1683 845 1778 rpsr's
865 1677 1055 1776 plexibus,
1080 1704 1134 1750 se·
1204 1691 1205 1695 ’

127 1791 213 1865 dem
242 1795 415 1868 babuisse
436 1810 590 1868 testatus
616 1810 680 1867 est.
713 1799 806 1868 Sane
834 1810 958 1866 autem
987 1796 1027 1866 in
1061 1796 1134 1870 alvi

127 1909 295 1984 lluxihus
313 1937 382 2010 per
399 1911 466 1984 has
479 1913 736 2011 potissimum,
752 1927 815 1984 aut
831 1912 920 1984 alias
940 1912 1133 2011 glandulas

126 2028 274 2101 irruere
290 2028 469 2101 humores
478 2031 518 2101 in
533 2031 722 2118 intestina,
733 2030 899 2127 ipsarum
909 2033 1018 2101 etiam
1029 2055 1134 2130 mag-

125 2145 264 2217 nitudo
285 2146 468 2236 ostendit,
487 2163 529 2218 ut
545 2148 584 2216 in
604 2146 684 2218 aliis
701 2145 932 2244 quibuslibet
946 2147 1036 2218 dnm
1046 2147 1132 2245 plus

125 2278 349 2352 secernunt,
374 2264 540 2334 adaucta.
560 2268 617 2334 Ita
635 2265 674 2333 in
693 2288 771 2362 quo
793 2279 880 2362 post
906 2263 1129 2340 diuturnum

123 2378 198 2451 alvi
214 2378 357 2451 fluxum
372 2381 470 2451 idem
488 2385 707 2453 Brunnerus
724 2378 779 2478 (n)
791 2381 890 2454 circa
904 2380 1020 2452 finem
1030 2382 1130 2478 jeju-

122 2496 165 2567 ni
191 2498 362 2569 intestini
392 2497 518 2569 ulcera
541 2496 810 2594 deprehendit,
827 2522 912 2588 non,
934 2498 1049 2571 modo
1072 2498 1130 2574 ibi

121 2613 266 2710 pariter
288 2615 419 2684 tubera
449 2614 545 2701 vidit
558 2611 809 2711 glandulosa,
833 2614 900 2686 sed
925 2630 962 2689 et
983 2617 1127 2686 intesti-

121 2753 263 2829 norum
293 2732 458 2802 tunic'am
482 2731 701 2805 interiorem
722 2755 882 2814 crassam
898 2729 1064 2818 laetam,
1090 2745 1127 2803 et

122 2870 207 2945 quae
225 2873 251 2918 a
271 2840 598 2947 principumque
628 2847 684 2919 ad
702 2856 844 2924 exitum
872 2862 950 2917 tota
980 2863 1125 2944 quanta

119 2962 367 3060 glandulosa,
378 2963 642 3062 glandulisque
656 2962 850 3036 luxurians
866 2963 1067 3036 videretur.
1081 2971 1126 3038 Et

120 3080 168 3154 de
177 3082 256 3156 suis
272 3081 441 3153 duodeni
456 3081 641 3180 glandulis
655 3080 713 3180 (3)
726 3081 862 3171 solent,
876 3083 1123 3181 inquit,cras-
1170 3087 1171 3090 ’

120 3204 235 3271 stores
251 3223 327 3269 esse
338 3205 376 3272 in
386 3204 430 3269 iis
444 3205 510 3296 qui
525 3224 574 3272 ex
585 3199 1002 3289 morbointestr'norum,
1019 3199 1122 3300 diar-

121 3314 225 3387 rltoea
241 3329 311 3385 aut
319 3313 528 3408 dysenteria
537 3320 761 3402 moriuntur,
771 3315 995 3417 easdemque
1013 3316 1120 3389 iudu-

156 3683 198 3762 (1)
220 3686 334 3758 Supra,
353 3683 390 3739 ad
401 3701 432 3736 n.
449 3683 493 3738 13.

156 3795 199 3874 (a)
219 3799 252 3854 C.
267 3817 296 3868 7,
310 3795 382 3852 ibid.
396 3796 445 3852 cit.

156 3910 197 3990 (3)
218 3915 256 3970 In
273 3929 332 3969 ear.
348 3911 601 3968 demonstratione
615 3911 791 3968 anatomiea.
