2580 4514
192 365 263 431 nus.
291 361 348 412 111.
376 363 424 415 nt
450 361 780 428 nonetevsuruss,
804 364 915 445 erasr.
944 362 1071 414 xxv111.
1101 341 1147 420 23

135 494 176 551 ut
187 481 230 550 in
239 492 392 554 mortua
404 491 646 577 conspectum
658 492 729 566 est,
739 478 778 551 in
794 479 955 566 vivente,
967 480 1038 551 nisi
1051 478 1148 557 forto

138 615 307 674 extremo
332 613 528 695 tempore,
551 621 629 669 non
653 609 802 671 tautum
823 593 959 685 fuisse,
983 612 1026 669 ut
1044 591 1148 673 orifi·

137 716 237 789 cium
265 714 361 792 illud
390 714 549 825 omnino
569 702 790 802 obturaret3
813 715 1029 789 increscunt
1045 712 1147 838 erpim

136 830 276 930 jugiter
295 830 483 929 ejusmodi
499 832 658 919 vitiant
669 830 824 903 demum
836 856 882 905 eo
892 856 930 905 se
944 830 1148 909 extendant
1194 837 1202 935 '—

139 975 214 1047 quo
232 949 351 1048 paulo
370 964 457 1023 ante
471 973 550 1021 non
567 946 850 1063 perveniebam.
881 974 885 986 ’
1193 952 1200 959 ’

185 1069 218 1138 8.
237 1067 387 1166 Redigit
415 1068 454 1139 in
479 1068 701 1141 memoriam
725 1065 803 1139 haec
831 1067 991 1141 Fernelii
1011 1064 1147 1145 obser-r

139 1187 234 1259 vatio
249 1199 445 1282 quartam,
464 1184 505 1255 in
521 1207 596 1280 qua
612 1198 650 1255 et
664 1184 744 1281 ipsa
754 1199 811 1257 est
824 1183 897 1283 (ι),
907 1184 1145 1281 Sepulchreti

140 1303 367 1392 sectionem,
382 1301 431 1376 de
446 1327 521 1399 qua
541 1302 590 1374 ita
606 1301 714 1376 initio
732 1300 785 1399 (a)
805 1302 1036 1374 mentionem
1056 1300 1144 1375 feci·

139 1443 241 1506 mus,
263 1434 306 1491 ut
323 1444 405 1491 non
427 1418 555 1493 deesse
578 1416 689 1491 nobis
713 1417 965 1491 indicaremus
990 1443 1073 1514 quae
1096 1418 1144 1495 ad

139 1538 272 1634 ipsam,
290 1535 330 1606 id
347 1551 403 1612 est
420 1536 467 1611 ad
479 1536 602 1612 laesam
619 1535 907 1634 deglutitionem
924 1536 1140 1640 attinerent.¹

140 1655 210 1724 Nec
232 1653 407 1728 deessent
424 1654 558 1750 utique
580 1654 612 1726 si
631 1653 736 1752 quod
751 1655 791 1726 in
807 1653 972 1728 sectione
987 1677 1143 1751 quoque

139 1766 205 1840 hac
234 1768 305 1858 fit,
325 1771 462 1840 imitari
491 1771 666 1868 placeret.
696 1769 851 1842 Videbis
868 1771 990 1858 enim,
1014 1769 1143 1845 obser·

137 1887 324 1961 rationein
353 1887 391 1959 iu
418 1911 461 1959 ea
490 1891 560 1974 IV,
588 1913 667 1961 nou
695 1889 770 1960 nisi
795 1886 921 1960 verbis
947 1887 1142 1984 aliquanto

137 2002 378 2100 paucioribus
411 2000 562 2075 differre
589 2004 636 2076 ab
665 2009 792 2094 XVII;
819 2004 997 2102 idemque
1019 2004 1144 2105 multe,

137 2121 253 2217 magis
268 2119 465 2204 miraberis
481 2122 521 2198 in
538 2126 645 2212 XIX,
659 2121 794 2195 collata
812 2147 900 2194 cum
913 2147 956 2194 ea
973 2123 1038 2220 qui
1054 2147 1142 2220 pron

136 2239 232 2315 xime
257 2236 457 2333 subjicitur
481 2242 618 2311 XVIII.
645 2244 689 2312 In
716 2240 806 2339 ipsis
834 2254 960 2312 autem
987 2237 1141 2311 Addita·

137 2355 272 2429 mentis
298 2381 427 2428 norme
449 2356 564 2434 altera
589 2381 674 2456 pars
691 2355 964 2432 observationis
977 2360 1032 2444 II,
1052 2356 1142 2434 teti-s
1191 2395 1199 2459 3

138 2473 220 2544 dem
238 2471 364 2547 verbis
382 2475 490 2546 iterat
514 2473 617 2572 quod
634 2476 723 2547 satis
739 2474 816 2571 jam
831 2471 956 2546 'fuerat
973 2474 1142 2552 sectione¹

138 2590 265 2663 eadem
277 2590 317 2661 in
332 2606 436 2689 parte
449 2591 563 2663 altera
577 2591 710 2664 scholii
724 2593 962 2690 propositum
972 2591 1020 2662 ad
1029 2591 1142 2663 VIII?

137 2711 212 2785 Nos
231 2733 324 2779 vero
346 2733 395 2780 ne
413 2709 476 2781 illa
504 2709 659 2807 quidem
679 2709 740 2781 hic
763 2724 976 2807 repetemus
996 2733 1079 2806 quee
1099 2708 1140 2781 in

136 2825 214 2897 aliis
225 2826 393 2924 epistolis
406 2851 451 2897 ex
460 2826 651 2916 Valsalvae,
661 2840 725 2901 aut
736 2840 864 2900 nostra
877 2800 1140 2903 obiervatioue

136 2943 371 3040 protulimus.
387 2943 459 3018 Sed
477 2943 665 3042 quidquid
683 2958 817 3032 restat,
830 2940 907 3045 huc
920 2938 1140 3030 afferemus3

138 3076 268 3133 caetera
292 3061 355 3135 illa
382 3063 444 3135 vix
472 3061 733 3137 indicabimus.
758 3067 917 3149 vRestaut
941 3075 1065 3132 autem
1095 3084 1141 3131 ex

137 3178 305 3251 Valsalva
332 3178 495 3252 historiae
506 3181 600 3253 duae.
621 3183 790 3272 Quarum
817 3179 938 3278 prima
960 3176 1008 3256 ad
1036 3176 1142 3261 hune

138 3297 295 3369 modum
315 3322 353 3371 se
372 3297 496 3373 habet.

184 3442 219 3513 9.
240 3416 309 3489 Vir
325 3441 446 3490 annos
460 3418 736 3516 quinquaginta
746 3431 873 3503 natus,
893 3414 1001 3512 queri
1011 3414 1142 3510 incipit

139 3532 184 3606 de
209 3533 389 3632 impedita
416 3535 673 3635 deglutitione.
704 3533 1022 3634 Impedimentum
1051 3555 1143 3628 pau·

143 3719 624 3743 m

178 3818 222 3897 (1)
244 3821 317 3878 obs.
333 3840 381 3879 αι.

179 3916 223 3998 (2)
243 3920 278 3976 N·
306 3941 332 3977 1·
