2580 4514
234 349 282 435 48
397 370 453 417 nr
479 367 626 418 seorsus
651 367 695 414 ar
721 365 844 413 cauus
870 366 1079 416 nonnosum

225 512 313 573 non
331 481 416 573 fuit,
428 507 520 555 rarae
541 481 695 579 quidem
713 495 768 553 est
786 479 1081 573 observationis,
1099 506 1245 584 negari-⁶

233 602 335 676 tibus
352 604 451 689 inter
477 616 630 672 caeteros
654 598 806 671 duobus
823 598 1067 673 nobilissimis
1085 604 1242 676 medicis

231 723 429 794 Francisco
438 716 697 814 Vallesio(1)et
706 720 936 814 Hieronymo
949 720 1242 819 Mercuriale(2),

108 861 127 893 1
234 839 305 912 sibi
330 861 499 936 unquam
524 839 564 907 in
587 833 773 932 ejusmodi
798 860 886 908 casu
907 836 1015 909 aliter
1038 838 1241 913 observare

107 941 111 945 ’
169 962 173 970 ’
234 957 455 1054 contigisse,
476 968 588 1051 atque
608 954 831 1051 Hippocrati
851 956 891 1024 in
908 979 951 1027 ea
972 956 1130 1030 muliere
1159 983 1241 1058 quae

180 1081 187 1098 '
233 1072 483 1146 decumbebat
500 1075 539 1142 in
554 1069 638 1142 foro
658 1073 895 1143 mendacum.
912 1073 1015 1165 Quin
1035 1075 1179 1174 pariter
1201 1078 1240 1151 in

38 1226 56 1254 s
158 1243 161 1247 ,
232 1191 406 1290 malignis
423 1188 592 1261 febribus
610 1214 704 1287 quas
719 1203 849 1261 noster
863 1189 1042 1262 describit
1052 1195 1241 1265 Ramazzi-

232 1336 305 1384 nus
328 1309 405 1408 (3),
434 1323 625 1406 quotquot
653 1305 810 1379 fuerunt
842 1308 1083 1405 singultuosi,
1108 1335 1240 1385 omnes

232 1431 398 1530 periere,
414 1451 581 1524 quorum
597 1449 676 1496 uuo
687 1425 871 1511 dissecto,
888 1425 1117 1500 uentriculus
1126 1436 1241 1528 nigris

232 1552 332 1617 notis
345 1549 503 1641 sparsim
522 1559 764 1639 compunctus
781 1556 954 1640 repertus
972 1558 1047 1616 est:
1067 1545 1161 1643 quid
1176 1572 1240 1618 au-

231 1680 307 1737 tem
328 1664 368 1732 in
395 1661 618 1760 singultuosi
647 1659 841 1756 cujusdam
866 1663 1080 1734 ventriculo
1104 1663 1241 1764 depre-

196 1832 198 1838 .
230 1781 392 1852 hensum
406 1779 472 1868 sit,
490 1778 610 1850 disces
623 1803 669 1850 ex
678 1779 746 1849 cel.
759 1779 898 1850 Halleri
909 1779 1101 1878 opusculis
1109 1783 1240 1880 patho

230 1898 362 1998 logicis
383 1897 450 1995 (Δ).
478 1894 652 1968 Ledelius
677 1894 733 1994 (5)
757 1892 903 1986 tamen,
923 1914 1137 1996 postquam.
1154 1903 1240 2000 Epi·

229 2016 414 2118 phanium
436 2013 714 2087 Ferdinandum
732 2015 931 2113 produxit,
958 2021 1080 2115 Deum
1101 2033 1240 2129 testan-

231 2153 328 2224 tem,
350 2134 555 2232 singultum
577 2139 615 2203 in
628 2135 803 2224 febribus
829 2135 1003 2232 malignis
1021 2150 1058 2206 et
1072 2136 1239 2208 ardenti-

231 2259 299 2328 bus
312 2252 367 2324 ud
378 2267 534 2323 mortem
552 2250 836 2350 proedicendam
856 2277 895 2324 se
920 2278 1111 2350 nunquam
1134 2254 1238 2327 dece·

222 2370 547 2472 pisse‚sapienter
565 2382 718 2459 monet,
751 2384 934 2466 aegrotum
963 2395 1040 2440 non
1065 2396 1145 2444 esse
1175 2372 1238 2444 de-

230 2480 517 2588 relinquendum
530 2509 724 2583 quousque
738 2493 869 2556 anima
886 2485 1015 2576 adest,
1035 2494 1125 2586 quia
1141 2489 1237 2562 mul-

232 2613 338 2678 toties
364 2617 531 2675 monstra
540 2604 655 2699 stunt·
669 2606 707 2671 irr
726 2606 980 2675 curationibus
997 2607 1236 2696 morborum,

228 2724 384 2796 velutin
399 2718 589 2820 pannifice
610 2718 776 2818 quodam
795 2721 865 2818 ipsi
886 2721 1032 2795 accidit.
1052 2725 1186 2821 Neque
1205 2726 1238 2796 ei

229 2841 374 2942 solum,
390 2838 456 2911 sed
468 2852 506 2910 et
517 2837 618 2925 aliis,
634 2852 676 2907 ut
690 2840 869 2908 Lanzono
886 2839 955 2935 (6),
975 2840 1020 2909 cl.
1039 2842 1152 2913 Delio
1165 2842 1235 2941 (7),

228 2956 370 3030 etmihi
385 2959 424 3026 in
439 2954 1040 3028 Foroliviensiilla'Coustitutione
1054 2982 1113 3028 an.
1128 2983 1235 3056 1711,

295 3724 307 3801 )
328 3718 403 3796 Eph.
416 3722 454 3777 N.
470 3722 503 3777 C.
517 3720 582 3776 dec.
597 3719 630 3789 3,
646 3721 682 3774 A.
696 3739 724 3790 7,
736 3721 799 3777 obs.
817 3738 883 3791 1²7·

295 3824 306 3901 )
327 3821 467 3879 Earumd.
483 3831 560 3876 cent.
578 3819 688 3885 1,obs.
702 3819 751 3876 61.

231 3960 233 3970 ι
278 3923 308 4000 7)
329 3925 373 3979 Ex
386 3933 444 3978 act.
461 3932 482 3975 t.
494 3920 528 3990 8,
541 3919 607 3974 obs.
623 3919 687 3975 108.
