2580 4514
160 402 228 451 m
331 394 376 447 ma
402 389 547 447 stntrus
572 396 615 444 rr
640 396 763 446 causis
789 385 999 445 norinorum

157 537 276 600 mere,
289 511 381 584 dum
397 526 557 584 crustam
572 511 735 583 inducat.
748 515 828 582 Hoc
839 527 965 583 autem
979 536 1056 610 quo
1066 537 1136 610 pro

155 629 340 731 ponebat,
361 629 492 700 ordine
512 627 612 698 aliud
639 643 724 726 post
749 627 851 699 aliud
869 628 1044 700 adhiberi
1060 631 1137 702 vole·

153 747 234 833 bat,
262 747 328 818 ubi
344 747 523 818 nimirum
543 747 669 842 priora
691 745 1081 843 nonrespondissent.

206 865 259 938 13.
287 870 333 937 Et
359 864 538 960 quoniam
568 887 646 932 non
678 862 725 933 de
754 862 862 935 novis
888 863 1066 935 remediis
1091 864 1138 935 hit

152 984 297 1081 agitur,
316 994 381 1051 aut
394 979 441 1050 de
458 979 643 1050 inusitatis
665 979 823 1049 curandi
842 979 1074 1069 rationibus,
1086 978 1137 1052 sed
1173 988 1176 1091 ξ

151 1099 197 1171 de
216 1100 261 1170 iis
277 1122 361 1196 quae
384 1094 549 1167 efficacia
568 1120 612 1166 ex
631 1097 714 1194 ipso
739 1096 944 1167 illustrium
970 1112 1138 1194 aegrotan·
1174 1140 1177 1183 2

60 1268 64 1277 ,
149 1218 265 1302 tium,
285 1230 348 1285 aut
368 1215 535 1311 gravium
562 1211 797 1283 medicorum
819 1214 1042 1285 testimonio
1059 1238 1137 1286 oom

151 1347 256 1432 perta
277 1346 383 1419 sunt,
402 1331 441 1400 in
458 1330 664 1427 primisque
680 1328 726 1400 de
744 1328 921 1401 Valsalvae
933 1333 1058 1402 nostri
1071 1355 1140 1403 con·

150 1448 371 1536 suetudine3
397 1446 495 1517 hanc
514 1445 583 1518 tibi
608 1470 833 1544 pernoscere
861 1448 1036 1544 cupienti
1064 1445 1142 1519 illud

149 1591 303 1665 quoque
326 1564 496 1661 adjiciam
520 1591 528 1633 :
555 1565 585 1634 si
606 1562 702 1635 forte
727 1565 766 1633 in
789 1563 985 1635 hominem
1007 1564 1142 1637 incidis·

44 1728 47 1733 ,
149 1701 218 1771 set,
240 1683 490 1781 chirurgicam
517 1707 629 1780 opem
649 1705 726 1752 non
744 1696 884 1754 temere
903 1679 1141 1780 flagitantem,

148 1828 196 1874 ne
209 1801 412 1873 immodico
429 1801 470 1870 in
490 1815 682 1898 posterum
706 1800 833 1870 cursui
858 1801 1059 1897 sanguinis
1086 1822 1142 1898 per

145 1918 444 1992 haemorrhoides
466 1917 654 1989 obnoxius
681 1932 797 2005 esset3
825 1941 904 1987 non
932 1932 1141 1990 secuturum

144 2037 280 2125 fuisse,
303 2038 375 2108 nisi
406 2031 502 2139 forte
528 2037 568 2106 in
601 2037 744 2106 recenti
774 2033 911 2105 morbo
930 2050 969 2105 et
995 2033 1140 2108 curandi

146 2155 300 2253 quidem
320 2153 467 2224 ratione
491 2154 577 2240 alia,
601 2176 701 2240 non,
729 2154 907 2248 inquam,
932 2169 1139 2225 secuturum

146 2271 259 2345 fuisse
276 2284 471 2342 auctorem
500 2270 616 2341 libelli
638 2270 685 2340 de
708 2267 1068 2342 Hoemorrhoidibus
1084 2272 1140 2340 ins

145 2391 257 2488 cripti
283 2387 359 2485 (ι),
385 2402 559 2486 oportere
584 2387 784 2458 docentem
813 2384 960 2456 nullam
991 2387 1140 2458 haenror·

145 2505 319 2579 rhoidem
332 2512 410 2576 sine
425 2510 570 2576 ustione
585 2511 722 2592 sinere,
742 2502 811 2574 sed
823 2527 951 2574 omnes
972 2527 1140 2587 exuram

144 2623 209 2698 sed
217 2639 410 2696 auctorem
422 2623 549 2720 potius
557 2618 1140 2718 sectionisVIaphorismorumu)

143 2743 432 2828 admonentem,
452 2766 479 2811 a
493 2741 684 2811 diuturnis
699 2755 838 2810 sanato
857 2737 1140 2812 haemorrhoidi·

140 2863 219 2950 bus,
230 2866 263 2931 si
273 2885 351 2932 una
362 2884 439 2930 non
453 2854 840 2956 servetur,periculum
852 2881 930 2927 esse
938 2882 1087 2954 aquam
1094 2862 1138 2927 in·

141 2975 406 3065 terentem‚vel
410 2977 530 3047 tabem
538 2975 721 3048 advenire.
730 2979 811 3046 Hoc
820 2975 992 3046 enimvel
1002 2978 1044 3046 in
1052 2975 1141 3047 ulee-

139 3094 304 3165 romani
323 3093 517 3164 curatione
535 3092 735 3191 diligenter
752 3091 916 3163 cavebat.
936 3092 1000 3162 Sic
1014 3116 1136 3191 quem·

138 3211 226 3282 dam
244 3211 310 3307 qui
327 3209 512 3280 sexdecim
526 3212 604 3306 jam
624 3234 745 3282 annos
764 3211 808 3280 iis
834 3208 1031 3282 ulceribus
1044 3209 1138 3281 labo·

136 3341 305 3413 raverat‚
322 3351 409 3398 cum
426 3325 518 3397 mihi
532 3343 664 3399 octavo
679 3353 699 3398 a
725 3328 919 3401 curatione
938 3351 1045 3399 anno
1062 3328 1136 3400 satis

136 3443 235 3519 bene
248 3444 358 3514 etiam
373 3457 452 3514 tum
465 3444 650 3516 valentem
660 3443 897 3531 ostenderet3
908 3468 1033 3516 unum
1045 3444 1136 3515 enim
1150 3518 1154 3529 ,

136 3561 265 3649 uleus,
283 3562 426 3657 inquit,
443 3559 557 3658 idque
574 3564 700 3634 minus
716 3586 830 3658 quam
855 3576 990 3634 caetera
1007 3561 1135 3633 moles·

170 3866 218 4045 {13
236 3866 349 4041 lt„
