2580 4514
78 369 156 416 nm.
187 339 247 416 111.¹
268 369 318 414 nr
345 365 820 432 uonrrsvrrtmm,ur1sr.
847 371 945 417 xxix.
984 374 1027 446 77

10 481 110 570 lori,
129 506 249 579 quam
265 479 422 578 epistola
434 483 521 552 XVI
534 482 619 573 (1.)a
636 505 696 550 me
709 481 777 552 tibi
792 482 1030 581 descriptam,

10 602 154 698 poteris
169 624 318 671 cumea
338 595 512 670 conferre
532 623 612 695 quae
630 624 675 669 ex
693 603 874 672 Praevotio
896 619 1028 674 nostro

10 717 324 816 inSepulchreto
346 719 400 812 (a)
422 717 654 813 proponitur
676 717 724 788 ad
745 718 915 790 eamdem
936 745 1028 816 ven-

10 836 136 909 triculi
149 833 282 907 sedem
296 858 443 905 annexa
456 859 525 932 per
540 833 745 931 oblongam
756 836 1040 927 membranam,

10 979 181 1052 meaeque
210 955 250 1023 in
279 977 325 1023 co
351 953 462 1023 etiam
493 951 650 1038 similes,
672 966 714 1022 ut
739 955 895 1050 opinor,
922 956 1028 1052 quod

10 1070 139 1143 luisset
156 1071 322 1140 innoxia.
346 1073 440 1140 Cum
459 1070 559 1140 enim
582 1069 635 1140 sic
653 1068 700 1141 de
718 1071 798 1168 ipsa
820 1071 1026 1159 scribatur,

10 1190 80 1261 boc
108 1212 277 1287 corpore
298 1174 336 1257 in
357 1186 536 1286 pylorum
555 1186 764 1276 incidente,
779 1189 903 1281 facile
930 1191 1030 1282 chyli

10 1311 140 1377 exitus·
159 1310 313 1376 omnino
325 1302 555 1402 praepediri,
576 1317 612 1373 et
629 1309 744 1374 varia
771 1320 1026 1402 symptomata

11 1428 356 1521 orir-ipotuissent5
370 1445 449 1491 non
462 1419 525 1490 ille
537 1421 651 1517 igitur
668 1422 897 1518 praepeditus
913 1406 1026 1495 fuisse

10 1541 169 1628 dicitur,
192 1553 258 1633 aut
277 1538 355 1609 baec
376 1553 476 1626 orta,
498 1552 541 1610 ut
560 1539 715 1610 minime
743 1556 938 1637 appareat,
959 1566 1027 1613 cur

11 1657 47 1729 ei
78 1656 334 1728 observationi
363 1654 426 1726 hic
458 1654 588 1728 titulus
623 1654 837 1754 praefigatur
867 1661 970 1730 tabes
1001 1687 1026 1730 a

10 1773 200 1872 glandula
204 1800 238 1872 p
234 1772 350 1867 yloro
363 1772 520 1883 adnata.
537 1773 632 1844 Mihi
646 1773 801 1871 quidem
814 1776 1027 1848 istiusmodi

14 1893 297 1978 excrescentia,
316 1904 353 1962 et
370 1896 462 1987 quae‘
467 1916 512 1961 ex
531 1906 614 1963 cute
630 1892 797 1989 pendula
811 1894 850 1963 in
868 1895 1026 1990 quibus-

14 2009 98 2081 dam
126 2023 346 2108 spectantur
374 2032 417 2080 ac
442 2011 541 2079 inter
568 2032 694 2107 naevos
713 2026 904 2083 maternos
930 2012 1025 2084 refe-

14 2143 173 2213 runtur,
205 2129 390 2227 originem
426 2126 604 2198 videntur
637 2153 716 2198 non
744 2130 852 2200 valde
884 2130 1025 2202 habere

17 2245 237 2320 dissimilem
265 2270 391 2343 neque
423 2246 470 2316 ad
501 2244 631 2343 ulcera·
653 2248 917 2346 pertinentem.
947 2252 1025 2321 Nec

16 2381 142 2440 tamen
158 2365 376 2464 negaverim
397 2388 505 2462 posse
522 2362 648 2456 facile,
665 2381 708 2436 ut
726 2391 851 2438 navos
870 2367 956 2439 illos
977 2369 1024 2441 ab

18 2483 305 2558 advenientibus
320 2483 467 2578 injuriis
485 2482 662 2582 abrumpi
679 2500 715 2556 et
733 2487 950 2557 exulcerari.
966 2489 1024 2559 Sic

17 2604 55 2672 in
72 2628 154 2674 uno
179 2616 244 2673 aut
271 2601 408 2690 altero,
430 2616 467 2671 et
491 2604 697 2700 praesertim
724 2604 763 2673 in
792 2591 879 2676 sene
909 2631 1024 2702 quem

18 2718 84 2792 tibi
103 2719 196 2791 alias
211 2717 270 2816 (3)
286 2719 387 2788 inter
403 2743 467 2790 eos
484 2719 698 2791 describam
714 2723 778 2817 qui
803 2747 848 2792 ex
872 2723 950 2793 ictu
971 2749 1026 2794 ca·

18 2839 101 2934 pitis
115 2837 261 2908 mortui
277 2849 383 2923 sunt,
399 2836 478 2907 vidi
502 2861 524 2907 a
549 2837 675 2936 pylori
698 2838 840 2920 annulo
857 2839 1023 2935 pendere

19 2955 192 3027 laciniam
215 2953 418 3050 quamdam
443 2954 910 3045 membraneo-nerveam,
929 2958 1024 3030 lace-

19 3097 94 3145 ram
109 3129 120 3162 ,
138 3087 184 3144 ut
198 3072 381 3166 majorem
397 3073 487 3143 olim
501 3070 611 3144 fuisse
627 3098 707 3145 non
729 3072 941 3165 dubitares,
955 3103 1024 3149 ne-

20 3215 90 3287 que
107 3205 280 3262 extremo
305 3188 424 3260 limbo
442 3189 568 3261 adhuc
586 3194 744 3261 omnino
764 3216 900 3264 sanam.
930 3199 1025 3265 Sunt

23 3310 128 3381 etiam
148 3307 228 3378 aliae
247 3331 343 3378 ame
360 3306 399 3375 in
417 3307 551 3378 eodem
570 3308 714 3379 annulo
739 3293 1023 3405 animadversa,

24 3449 95 3496 non
110 3423 312 3523 pendulae,
336 3425 402 3496 sed
428 3425 573 3497 sessiles
592 3427 699 3523 quasi
715 3452 898 3513 verrucae,
917 3444 959 3500 ut
983 3431 1023 3501 in

58 3725 101 3804 (ι)
121 3729 162 3784 Ν.
181 3726 229 3783 36.

59 3825 101 3903 (a)
121 3829 157 3884 L.
175 3845 208 3896 a,
222 3845 246 3881 s.
260 3845 293 3898 7,
309 3826 374 3881 obs.
391 3826 456 3882 138.

59 3925 101 4001 (3)
121 3927 217 4002 Epist.
233 3924 284 3998 52,
297 3945 326 3981 n.
344 3927 372 3982 8.
