2580 4514
145 396 215 469 228
301 421 348 466 nr
374 418 519 467 scurrus
544 420 588 465 nr
613 416 737 466 causis
763 418 975 466 nonnonuu

141 531 282 630 cus(1)
303 531 477 604 eumdem
505 531 623 602 credit
645 555 688 601 ac
715 531 922 602 Leonidem
954 531 1124 604 medicum
1169 526 1171 531 ’

51 716 53 727 ,
140 649 485 747 Episyntheticum,
506 674 526 719 a
541 648 652 719 Caelio
666 648 870 720 Aureliano
885 647 941 744 (a)
957 674 1125 721 memora·

141 781 244 853 tum;
269 791 340 839 nec
369 765 469 836 varia
498 765 658 836 aliorum
683 763 824 860 judicia
853 768 1046 854 omittam,
1069 792 1127 838 nec

143 909 266 957 meum
284 883 461 955 reticebo.
479 884 596 980 Igitur
615 908 701 953 cum
725 882 829 953 diaeta
849 883 945 953 nihil
964 883 1128 982 proferis

141 1017 215 1090 set,
233 1026 358 1099 neque
377 1002 649 1073 medicamenta
667 1000 935 1090 contulissent,
951 1003 1054 1073 malo
1064 1003 1127 1099 jam

28 1193 31 1201 ,
139 1122 364 1206 inveterato,
389 1117 566 1190 censebat
601 1118 791 1207 Leonida,
821 1133 858 1190 et
885 1121 1128 1193 necessarium

139 1261 237 1325 esse,
255 1251 291 1308 et
310 1237 465 1307 minime
479 1235 733 1332 periculosum
749 1251 941 1307 externam
952 1237 1054 1311 sedis
1063 1262 1129 1336 par

138 1368 214 1426 tem
228 1368 431 1425 extremam
443 1353 615 1424 cauteriis
626 1352 772 1450 aliquot
785 1355 939 1426 inurere
951 1380 962 1444 ;
980 1356 1128 1428 sicenin

139 1472 310 1543 cicatrice
325 1469 444 1542 solida
456 1468 680 1543 succedente
693 1494 806 1541 anum
822 1471 862 1540 in
878 1470 1025 1544 ambitu
1035 1494 1128 1544 cons·

139 1566 255 1686 iringi
268 1602 304 1659 et
321 1588 540 1686 prolapsum
557 1587 649 1657 tolli.
670 1587 780 1684 Apud
800 1590 949 1660 Aetium
974 1589 1051 1687 (3),
1074 1589 1128 1687 qui

138 1703 238 1775 hanc
254 1703 418 1800 aliasque
434 1703 607 1775 Leonidae
620 1703 730 1776 nobis
741 1707 958 1779 curationes
971 1708 1127 1794 servavit,

140 1820 212 1919 legi
225 1821 305 1894 haec
315 1821 507 1918 aliquanto
518 1821 729 1894 distinctius
736 1823 1127 1920 potesttquamFahri·

139 1944 218 2012 cius
238 1965 392 2037 quoque
402 1939 450 2011 ab
461 1940 757 2038 Aquapendente
773 1940 827 2037 (4)
842 1955 879 2012 et
887 1942 1071 2015 Riolanus
1082 1941 1125 2039 (5)

139 2071 494 2128 commemorarunt.
514 2058 714 2129 severinus
724 2055 779 2154 (6)
792 2072 915 2128 autem
930 2083 1013 2129 non
1025 2057 1126 2129 modo

137 2175 257 2271 ipsam
274 2189 478 2262 memorat;
496 2199 575 2245 non
602 2173 717 2245 modo
735 2176 810 2246 suis
824 2173 953 2247 multis
967 2174 1125 2249 observa·

136 2291 305 2364 tionibus
330 2290 548 2379 confirmat,
573 2293 700 2390 ignem
727 2291 816 2363 huic
845 2295 966 2389 parti,
999 2295 1038 2365 in
1059 2293 1126 2365 aliis

137 2408 282 2480 morbis
307 2424 432 2480 tamen
462 2407 672 2480 adhibitum
691 2408 763 2480 sibi
782 2406 940 2481 feliciter
967 2413 1126 2497 cessisse;

138 2524 203 2598 sed
231 2527 386 2626 ignavos
408 2526 575 2613 medicos
594 2541 724 2616 vocat,
748 2551 817 2624 per
838 2552 937 2625 quos
961 2529 1036 2628 ipsi
1063 2552 1127 2599 non

139 2644 247 2716 licuit
279 2643 412 2717 eodem
446 2645 543 2743 ignis
574 2644 745 2742 praesidio
778 2645 901 2715 virum
929 2669 1062 2719 curare
1092 2668 1129 2716 ex

136 2764 302 2860 equestri
320 2764 607 2862 Surgentiorum
625 2760 788 2852 familia,
806 2764 914 2859 cujus
931 2764 1129 2863 prolapsus,

138 2894 181 2952 ut
196 2881 285 2977 aegri
298 2881 441 2970 nostri,
456 2881 661 2952 vicennalis
676 2893 771 2968 erat,
798 2881 1021 2978 nullamque
1044 2878 1129 2979 pari·

136 3010 195 3067 ter
221 3022 267 3069 ex
283 2999 495 3097 omnigenis
515 2998 798 3070 medicamentis
817 3023 930 3096 opem
947 3001 1127 3072 retulerat.

136 3117 298 3202 Contra,
315 3114 688 3214 NicolausBlegnyus
704 3115 758 3214 (7)
776 3116 964 3212 ejusmodi
981 3117 1126 3189 curatio·

208 3377 220 3455 )
241 3376 320 3433 Hist.
332 3376 369 3435 de
381 3378 411 3433 la
422 3378 534 3435 medec.
545 3398 577 3455 p.
595 3380 665 3448 a‚'l.
681 3383 711 3448 4,
732 3396 755 3434 s.
770 3394 805 3449 a,
821 3396 848 3434 c.
862 3397 888 3435 1.

192 3397 204 3434 1

190 3474 221 3553 a)
241 3479 329 3534 Acut.
342 3494 422 3553 pasc.
436 3479 456 3533 l.
468 3495 505 3548 a,
523 3498 549 3535 c.
566 3497 592 3533 1.

207 3571 219 3651 )
237 3571 348 3630 Medic.
365 3572 471 3629 tetreb.
485 3575 505 3629 l.
522 3578 555 3644 4,
570 3591 659 3631 serm.
672 3592 705 3645 a,
718 3594 743 3631 c.
758 3573 785 3630 8.

190 3573 206 3630 3

190 3674 218 3746 l)
242 3675 274 3731 C.
287 3671 337 3729 cit.
350 3691 442 3748 supra
455 3672 493 3729 ad
510 3693 541 3728 n.
560 3681 588 3741 4.

190 3772 220 3851 5)
242 3775 321 3830 Sect.
336 3771 387 3829 cit.

176 3872 220 3949 (6)
239 3875 319 3929 Part.
332 3871 383 3929 cit.
400 3890 427 3929 c,
440 3869 490 3948 95.
564 3922 566 3927 .

155 3970 221 4051 (7)
242 3973 314 4048 Cap.
327 3973 378 4029 cit.
392 3990 483 4048 supra
494 3971 533 4030 ad
546 3989 575 4027 a.
591 3989 619 4041 7.

175 3376 188 3454 l

176 3475 189 3556 l

175 3570 188 3651 l

175 3672 187 3739 l

175 3771 188 3850 (
