2580 4514
241 360 315 435 626
408 379 456 424 na
481 374 630 424 scurrus
655 377 700 422 rr
725 374 850 423 cauus
877 376 1103 426 uoaaoauu

241 522 325 597 quae
347 494 449 567 renis
466 490 666 569 dimidium
694 487 919 588 occupabat.
949 495 1001 564 Et
1025 492 1120 567 alias
1139 504 1247 566 tamen

240 618 501 713 prominentes
526 609 619 695 vidi,
640 609 845 706 praesertim
866 609 908 678 in
927 610 1076 684 vetulis
1097 611 1247 698 duabus,

240 757 401 829 quarum
415 732 569 803 alterius
586 727 637 799 ob
647 726 747 797 hanc
758 751 873 798 unam
894 726 1090 801 duntaxat
1107 755 1248 815 causam,

239 849 395 922 brevem
415 848 478 921 hic
495 846 565 919 tibi
585 844 889 916 observationem
908 846 1149 920 adscribam.

289 973 349 1055 40.
360 971 464 1039 Anus
475 964 631 1064 gibbera
647 976 684 1033 et
699 961 854 1051 clauda,
870 962 1029 1036 obierat
1045 967 1088 1037 in
1103 990 1245 1038 nosoro

239 1087 317 1157 mio
331 1085 510 1155 Patavino
530 1093 617 1180 post
633 1079 801 1151 medium
824 1083 1012 1154 martium
1035 1086 1132 1156 anni
1154 1091 1244 1183 1747,

236 1203 326 1274 illuc
343 1227 469 1299 nuper
487 1200 589 1271 illata
604 1197 656 1270 ob
669 1194 845 1269 affectum
860 1198 909 1272 de
923 1226 1075 1298 genere
1089 1203 1243 1303 apoplec·

237 1322 336 1409 tico,
367 1319 464 1390 nihil
495 1314 691 1388 manifeste
714 1315 931 1405 laedentem,
965 1319 1047 1392 nisi
1080 1321 1241 1421 linguam.

234 1438 508 1531 Quamobrem,
518 1460 606 1506 cum
619 1449 751 1505 caetera
765 1433 937 1506 mulieris
951 1437 1060 1509 mala
1079 1438 1242 1512 satisscin'

236 1582 316 1629 non
344 1557 575 1654 potuissent,
594 1545 690 1650 ipse'
705 1575 796 1622 vero
818 1551 902 1622 aliis
931 1556 1113 1650 partium
1133 1581 1241 1629 secun·

236 1675 329 1748 dum
340 1690 514 1745 naturam
527 1696 565 1742 se
577 1669 800 1741 habentium
814 1667 1161 1748 observationibus
1171 1691 1241 1745 tunt

236 1792 454 1878 distinerer,
472 1815 554 1886 quae
576 1786 624 1859 ad
651 1811 713 1859 eas
736 1785 984 1886 spectabant,
1016 1791 1060 1862 in
1091 1792 1240 1888 ejusdem

236 1933 392 2007 quoque
411 1906 593 1978 cadavere
611 1929 699 1976 cum
716 1905 975 2003 inquirerem
994 1911 1062 1979 vix
1080 1909 1162 1982 haec
1180 1933 1240 2007 qua

236 2040 372 2126 prater
406 2040 579 2097 naturam
611 2036 736 2095 essent
763 2021 1034 2098 animadverti.
1061 2031 1109 2099 In
1133 2043 1240 2100 ventu

236 2145 380 2216 arteriae
403 2167 546 2240 magnae
571 2155 730 2243 truncus
750 2138 799 2211 ab
822 2141 1123 2238 emulgentibus
1148 2144 1240 2218 ferme
1276 2168 1280 2175 ·

235 2261 442 2359 incipiebat
465 2246 749 2358 paulatimque
771 2258 889 2356 magis
922 2259 1184 2337 descenderet
1208 2286 1239 2334 eo

236 2380 354 2475 magis
371 2403 408 2450 se
426 2377 601 2464 dilatare,
623 2372 747 2447 donec
762 2377 876 2474 paulo
891 2400 1015 2476 supra
1032 2381 1239 2456 divisionem

234 2521 274 2570 se
288 2512 410 2568 totum
429 2493 661 2593 expanderet
673 2495 712 2563 in
723 2517 951 2591 aneurysma
962 2496 1161 2574 diametro
1171 2524 1239 2599 quo

235 2636 445 2712 quoversus
457 2612 662 2709 digitorum
680 2610 856 2683 duorum.
882 2613 981 2687 Inde
1004 2621 1152 2691 sensim
1174 2643 1238 2690 rur·

136 2718 147 2735 ”
234 2753 299 2804 sus
316 2728 635 2815 contrahebatur,
653 2729 705 2800 sic
726 2743 873 2820 tamen,
890 2746 934 2801 ut
954 2733 1082 2810 iliacae
1102 2739 1187 2836 ipsa
1205 2734 1238 2808 ad

232 2873 413 2946 magnum
430 2861 591 2919 tractum
612 2847 733 2919 multo
747 2871 861 2944 quam
880 2874 951 2946 par
964 2854 1017 2925 sit
1029 2867 1237 2956 apparerent

233 2965 395 3041 latiores.
414 2963 611 3062 inaequalis
625 2963 761 3036 harum
783 2963 848 3037 sed
865 2969 990 3065 magis
1009 2994 1238 3072 aueurysma·

233 3085 282 3155 tis
303 3098 383 3154 erat
409 3083 568 3153 interior
592 3079 727 3170 facieS,
751 3081 820 3154 ubi
846 3091 1130 3167 concretiones
1157 3087 1237 3164 haud

235 3200 392 3272 deerant
416 3225 495 3270 non
519 3199 634 3270 modo
660 3201 871 3298 polyposae,
897 3203 966 3274 sed
988 3223 1030 3279 et
1052 3211 1094 3280 iu
1118 3212 1237 3282 tunica·

233 3344 319 3391 rum
344 3333 449 3415 parte
475 3316 599 3414 aliqua
621 3341 744 3389 osseae.
768 3323 912 3389 Horum
935 3319 1067 3397 aortae'
1079 3331 1236 3402 vitiorum

233 3460 369 3534 magua
390 3460 435 3505 ex
454 3450 558 3532 parte
578 3459 728 3507 causam
741 3433 853 3508 fuisse
866 3438 1108 3516 crediderim
1129 3449 1165 3517 in
1181 3445 1236 3516 dis·

231 3568 333 3627 torta
354 3552 469 3650 spinae
502 3549 639 3650 figura,
666 3578 749 3650 quae
780 3559 1070 3634 convexitatem
1101 3562 1235 3636 cumin

232 3670 388 3742 thorace
403 3664 561 3740 haberet
581 3669 628 3740 ad
646 3655 791 3768 partem
812 3670 1037 3767 dexteram,
1056 3681 1099 3751 in
1120 3676 1236 3753 lumbis

232 3787 398 3860 habehat
433 3787 479 3859 ad
513 3789 722 3876 sinistram,
757 3814 1057 3903 eoquengecum
1087 3796 1235 3903 rapiebat

208 3993 212 4004 .
232 3920 386 3976 aortam.
400 3908 486 3996 Quo
500 3906 625 3979 minus
642 3908 798 3980 miratus
813 3910 956 3989 sum-in
970 3917 1129 3995 sinistro
1141 3917 1232 3992 tutu
