2580 4514
135 348 208 450 678
301 371 348 420 nr
374 363 521 418 temnus
547 369 590 415 rr
616 367 742 423 cinus
767 368 985 418 nonronnu

136 493 175 562 in
200 503 367 558 extremo
395 483 540 557 scholio
557 483 776 574 adnotavit,
802 510 986 583 magnam
1011 492 1127 560 ventris

135 605 275 677 motem
295 604 461 674 sonitum
481 601 635 698 quidem
650 601 801 675 dedisse
820 603 996 701 pulsam,
1011 619 1128 705 tympa-

136 725 176 793 ni
196 723 333 809 instar3
349 722 639 817 fluctuationem
659 736 786 792 antem
811 747 937 820 oquoe
961 749 1128 822 nunquan

136 839 249 912 fuisse
265 854 481 937 perceptam
494 893 504 926 ,
518 853 556 908 et
567 840 810 915 Camerarius
825 857 940 939 pater
959 841 1015 939 (ι)
1038 866 1081 917 ne
1103 844 1129 915 in

136 974 286 1030 mortua
307 957 485 1055 quidem,
511 982 595 1028 cum
610 971 782 1031 ventrem
803 960 992 1032 nimirum
1011 961 1130 1034 etiibo

135 1080 215 1149 rins
236 1077 322 1147 licet
350 1090 584 1148 contrectare
610 1090 648 1148 et
663 1076 825 1151 validius
850 1095 1076 1176 percutere,
1092 1080 1130 1150 vi·

137 1221 220 1268 sum
237 1219 317 1266 esse
334 1193 426 1292 quid
445 1197 570 1292 potius
586 1192 736 1267 humidi
750 1219 868 1291 quam
893 1196 1010 1268 soiidi
1033 1198 1130 1269 conti·

138 1337 230 1384 nere
242 1312 411 1410 scripsit,
428 1309 536 1381 nulla
552 1309 1133 1413 videlicetpercipiendaflnetnc·

139 1435 247 1501 tione.
267 1434 354 1501 Non
380 1429 552 1528 proderit
575 1429 692 1527 igitur
711 1428 787 1501 hoe
803 1431 968 1502 tertium
987 1434 1134 1531 signum,

72 1598 74 1605 -
138 1549 209 1620 nisi
223 1547 288 1618 ubi
301 1548 409 1619 liceat
423 1545 706 1618 fluctuationem
720 1546 1043 1621 animadvertere.
1056 1550 1134 1622 Aln-
1177 1532 1179 1569 Ξ

138 1690 222 1737 rum
236 1682 381 1752 autem,
396 1664 608 1762 apeculiari
626 1665 785 1737 tumoris
798 1665 1135 1766 circumscriptione

138 1785 320 1882 petitum,
337 1783 467 1878 juvare
491 1808 572 1854 non
600 1784 754 1880 poterit,
782 1807 871 1853 cum
898 1783 967 1854 hic
988 1784 1136 1882 hydrops

139 1899 328 1970 abdomen
353 1914 474 1970 totum
500 1899 690 1972 distendet
722 1900 797 1988 sic,
829 1915 872 1971 ut
904 1917 1045 1974 venter
1063 1907 1137 1974 sctis

138 2016 338 2114 aequaliter
365 2015 526 2087 tumidus
548 2018 616 2104 sit,
637 2033 681 2089 ut
705 2017 806 2089 idem
831 2021 1078 2092 Camerarius
1094 2021 1136 2090 lo·

140 2139 293 2236 quitur,
313 2138 405 2225 sive,
427 2153 469 2208 ut
484 2136 759 2228 Drelincurtius
778 2137 837 2236 (n)
850 2139 972 2230 vidit,
1001 2140 1139 2241 (equalis

140 2255 207 2342 sit,
228 2279 303 2324 non
324 2259 580 2342 acuminatus,
595 2253 781 2351 nullisque
797 2255 1000 2343 hincinde
1019 2264 1140 2331 monti·

140 2370 229 2443 culis
246 2373 484 2442 extuberans.
510 2375 604 2443 Cum
620 2397 713 2444 vero
736 2387 836 2444 certa
856 2344 1021 2475 regione
1039 2391 1141 2448 tumo

139 2515 219 2560 rem
252 2489 579 2586 circumscriptum
616 2488 848 2578 ostenderit;
879 2517 1014 2592 neque
1037 2519 1084 2565 nn
1107 2517 1142 2563 ex

138 2605 310 2704 hydrope
329 2607 360 2676 is
379 2607 443 2691 sit,
462 2621 498 2676 et
516 2608 545 2677 si
564 2631 608 2676 ex
627 2603 800 2705 hydrope
813 2633 862 2678 an
878 2612 1141 2707 'peritonaei,en

116 2749 267 2794 earum
289 2723 335 2794 de
357 2722 497 2857 ouibus
517 2722 686 2796 Nuckius
709 2722 830 2797 aiebat
853 2730 1047 2824 partium,
1072 2729 1143 2802 satis

137 2857 339 2940 propterea
356 2838 635 2940 apparebit'ubi
659 2858 787 2914 tumor
799 2841 993 2918 inferiora
1010 2861 1142 2920 teneat:

138 2984 356 3057 quanquam
383 2958 442 3029 vel
473 2957 570 3030 tubae
597 2960 710 3033 unius
739 2958 915 3061 hydrops
940 2992 1058 3064 quam
1083 2967 1144 3038 nite

138 3102 416 3175 nonnunquam
435 3079 574 3175 possit,
587 3076 738 3175 lateque
757 3104 795 3151 se
813 3082 1053 3172 extendere,
1072 3082 1144 3183 plus

139 3194 224 3265 satis
244 3193 407 3265 Ostendit
433 3193 496 3264 ilia
514 3193 726 3266 Munnickii
751 3195 974 3272 observatio
1008 3227 1092 3302 quae
1112 3203 1142 3271 in

70 3298 73 3303 ¹
137 3308 371 3380 Bibliotheca
392 3315 621 3382 Anatomica
644 3310 700 3410 (3)
726 3311 825 3385 edita
857 3330 926 3388 est.
958 3321 1144 3394 Postremo

138 3427 242 3524 quod
260 3426 305 3498 ud
326 3429 488 3525 primum
510 3427 604 3499 illud
623 3430 772 3528 signum
788 3433 948 3523 attinet,
974 3438 1070 3510 utile
1086 3436 1144 3509 erit

137 3542 292 3616 sortasse
304 3569 391 3615 eum
405 3569 511 3642 aqnae
527 3547 733 3643 peritonaeo
745 3551 924 3623 coercitae
940 3556 1076 3628 minor
1085 3553 1141 3626 cd

137 3726 1144 3761 ’ψ’-*Ἥ

176 3826 220 3901 (1)
241 3825 285 3902 (o)
306 3826 354 3882 nd
374 3846 404 3882 n.
428 3825 475 3884 50.
743 3909 747 3918 Ι

176 3923 219 4000 (3)
239 3928 324 4001 Tom.
341 3945 352 3980 r
369 3926 512 4013 inadnot.
526 3927 563 3982 ad
575 3929 675 3986 Graes.
687 3930 722 3988 de
729 3931 850 3992 mulier.
865 3953 915 3995 or.
927 3940 971 3997 ub
983 3930 1025 4000 de
1034 3938 1137 4000 avitae
