2580 4514
138 379 208 469 542
303 404 348 450 m
374 401 520 451 scamus
546 399 589 449 ar
615 396 739 450 causis
767 396 986 452 nonnosum

135 519 207 588 dus
219 515 277 614 (1)
295 518 434 614 pariter
450 514 805 586 animadverterant.
824 521 883 588 Ex
896 517 957 588 his
972 516 1114 588 varient

136 634 206 705 bus
224 634 317 705 illud
336 635 494 730 insuper
510 631 698 717 addisces,
717 635 895 732 ignorari
912 656 933 707 a
951 633 1116 732 nobisqut

136 752 372 850 potissimum
389 748 665 849 lithontriptico
681 752 720 822 in
741 751 819 824 hoc
836 766 907 823 arnt
920 753 990 824 illo
1003 753 1118 825 camni

137 869 380 954 deberemus,
394 869 438 983 esi
464 883 652 939 constaret
685 869 756 940 hos
776 864 985 959 calculos,
1010 870 1117 968 utpla

137 1011 300 1084 rumque
316 984 534 1057 minusduri
546 1000 632 1056 sunt
642 987 840 1083 magisque
856 985 1115 1085 friabilesqum

137 1104 312 1191 urinam,
340 1105 391 1173 ita
420 1124 579 1199 persua
608 1102 892 1201 lithontripticu
919 1096 1117 1176 faciliusdis

138 1222 252 1293 solvi:
272 1244 489 1316 quanquam
519 1221 557 1288 in
583 1234 840 1318 utrorumque
864 1222 1116 1321 comparatione

138 1364 217 1410 non
249 1337 456 1409 substantia
494 1337 616 1408 solum
654 1348 691 1408 et
721 1339 912 1433 junctura
944 1335 1117 1438 speoono

138 1471 246 1541 sunt,
266 1478 397 1526 verum
416 1456 526 1525 ctiam
554 1470 697 1552 quanto
720 1454 830 1528 citius
847 1469 889 1529 et
905 1470 1050 1556 quanto
1063 1454 1117 1554 pru

139 1573 376 1644 dissolventis
393 1569 565 1643 humoris
582 1572 628 1643 ad
645 1573 832 1646 urinarias
855 1575 941 1647 vias
967 1590 1071 1672 quam
1090 1560 1116 1641 d

137 1690 287 1761 bilarias
304 1688 454 1759 feratur.
476 1692 597 1779 Quam
617 1690 667 1760 ob
688 1690 1061 1764 animadversionem
1075 1687 1117 1760 tu

66 1862 70 1869 .
137 1823 218 1878 tum
238 1820 311 1893 est,
332 1820 376 1877 ut
391 1808 430 1877 in
448 1809 568 1904 prima
585 1807 699 1903 hujus
715 1809 934 1882 curationis
948 1818 1116 1908 partacud

136 1925 367 2022 largissimus
382 1923 507 1995 c‘alidae
528 1938 639 2022 potus
654 1944 674 1996 a
692 1924 871 2023 pluribus
895 1934 1118 2026 proponunt,

140 2042 326 2129 siluerim,
351 2066 431 2111 non
457 2043 597 2140 pariter
623 2043 824 2129 taciturus,
858 2046 893 2115 si
919 2041 1118 2116 haercntsit

137 2159 375 2230 renibus-aut
392 2158 606 2230 ureteribus
624 2158 769 2230 calculo
790 2159 898 2241 idem
916 2173 1118 2260 proponat·

138 2293 211 2350 tur.
227 2278 264 2347 si
285 2292 410 2348 tamen
428 2282 572 2371 quaerds
586 2296 631 2347 ea
650 2290 707 2347 tot
723 2291 760 2348 et
776 2289 857 2348 tam
882 2275 1119 2377 variisquau

12 2447 16 2465 ,-
137 2395 208 2466 hac
225 2395 339 2472 altera
357 2394 562 2466 curationis
582 2409 687 2492 parts
701 2413 722 2465 a
738 2394 924 2500 pluribus
938 2396 1121 2494 promisco

136 2512 350 2599 laudantur,
363 2511 537 2582 remediis
551 2532 721 2609 quanam
735 2513 935 2610 procipue
944 2514 1121 2613 seligerent

137 2657 218 2701 non
231 2630 301 2700 alia
311 2631 428 2725 magis
440 2629 680 2726 respondebo
693 2652 806 2727 quarn
824 2645 916 2727 qna·
929 2624 1122 2730 magismid

137 2747 314 2818 videntur
332 2746 509 2832 innoxia,
528 2761 570 2816 ut
591 2761 683 2844 puta
697 2761 761 2817 aut
779 2751 953 2820 taraxaci
973 2760 1122 2828 succum,

138 2864 291 2964 quando
322 2861 396 2932 hoc
419 2863 669 2936 Bocrhaavius
697 2862 745 2933 ab
769 2862 970 2962 discipulo
992 2857 1123 2937 &heffa

137 2983 188 3053 lio
208 2981 263 3079 (a)
290 2980 428 3052 dicitur
455 3002 557 3078 ηερε
588 2968 772 3050 calculum
808 2981 967 3078 tapam
987 2983 1124 3075 fidat&

137 3104 338 3186 curavisse,
362 3111 426 3167 aut
460 3097 622 3168 recentis
654 3096 856 3194 graminis,
893 3101 1042 3172 nemini
1062 3102 1123 3196 ps!

137 3215 365 3286 Glissouium
386 3214 440 3311 (3)
455 3229 491 3285 et
502 3214 664 3312 Sylviurn
682 3215 738 3312 (4)
757 3214 806 3285 ad
821 3215 933 3288 hunc
946 3242 1053 3290 usum
1066 3234 1120 3285 nor

7 3400 15 3411 ,
137 3331 324 3403 celebrati.
344 3336 452 3402 Certe
471 3347 596 3403 autem
613 3331 691 3403 haec
704 3356 781 3402 una
796 3332 924 3407 herba
942 3334 1033 3435 quid
1049 3326 1118 3404 adid

239 3648 316 3703 Diss.
332 3647 382 3704 cit.
397 3646 454 3717 56.

237 3748 360 3804 Dissert.
378 3764 481 3821 supra,
496 3765 527 3801 n.
543 3745 576 3800 13
595 3744 645 3800 cit.
658 3747 677 3814 s
689 3743 737 3799 31.

238 3853 326 3904 Anat.
343 3845 441 3922 hepat.
462 3866 486 3901 c.
507 3865 536 3915 7.

238 3953 324 4006 Prax.
336 3949 413 4004 med.
430 3948 450 4002 1.
469 3965 501 4017 1,
517 3963 543 4001 c.
561 3941 612 4014 45,
627 3961 656 3998 n.
674 3941 720 3998 13.
791 4028 795 4036 ·
