<?xml version="1.0" encoding="UTF-8"?>
<!DOCTYPE html PUBLIC "-//W3C//DTD XHTML 1.0 Transitional//EN"
    "http://www.w3.org/TR/xhtml1/DTD/xhtml1-transitional.dtd">
<html xmlns="http://www.w3.org/1999/xhtml" xml:lang="en" lang="en">
 <head>
  <title>
</title>
<meta http-equiv="Content-Type" content="text/html;charset=utf-8" />
  <meta name='ocr-system' content='tesseract 3.04.00' />
  <meta name='ocr-capabilities' content='ocr_page ocr_carea ocr_par ocr_line ocrx_word'/>
</head>
<body>
  <div class='ocr_page' id='page_1' title='image "./desedibusetcaus00adelgoog_0399.png"; bbox 0 0 2580 4514; ppageno 0'>
   <div class='ocr_carea' id='block_1_1' title="bbox 152 384 1089 484">
    <p class='ocr_par' dir='ltr' id='par_1_1' title="bbox 152 384 1089 484">
     <span class='ocr_line' id='line_1_1' title="bbox 152 384 1089 484; baseline -0.007 -19"><span class='ocrx_word' id='word_1_1' title='bbox 152 391 224 484; x_wconf 67' lang='lat' dir='ltr'>loll</span> <span class='ocrx_word' id='word_1_2' title='bbox 322 412 368 461; x_wconf 79' lang='lat' dir='ltr'>nr</span> <span class='ocrx_word' id='word_1_3' title='bbox 395 412 610 461; x_wconf 67' lang='lat' dir='ltr'>sennaser</span> <span class='ocrx_word' id='word_1_4' title='bbox 637 411 760 459; x_wconf 75' lang='lat' dir='ltr'>causis</span> <span class='ocrx_word' id='word_1_5' title='bbox 786 406 1001 460; x_wconf 77' lang='lat' dir='ltr'>nonsoauu</span> <span class='ocrx_word' id='word_1_6' title='bbox 1034 384 1042 393; x_wconf 75' lang='grc'>”</span> <span class='ocrx_word' id='word_1_7' title='bbox 1084 436 1089 443; x_wconf 88' lang='lat'>-</span> 
     </span>
    </p>
   </div>
   <div class='ocr_carea' id='block_1_2' title="bbox 80 524 1142 3554">
    <p class='ocr_par' dir='ltr' id='par_1_2' title="bbox 146 524 1142 2027">
     <span class='ocr_line' id='line_1_2' title="bbox 149 524 1141 601; baseline -0.003 0"><span class='ocrx_word' id='word_1_8' title='bbox 149 544 221 601; x_wconf 90' lang='lat' dir='ltr'>tur.</span> <span class='ocrx_word' id='word_1_9' title='bbox 248 531 329 597; x_wconf 86' lang='lat' dir='ltr'>Huc</span> <span class='ocrx_word' id='word_1_10' title='bbox 352 526 491 597; x_wconf 82' lang='lat' dir='ltr'>lienem</span> <span class='ocrx_word' id='word_1_11' title='bbox 517 524 612 596; x_wconf 89' lang='lat' dir='ltr'>adde</span> <span class='ocrx_word' id='word_1_12' title='bbox 636 539 673 598; x_wconf 90' lang='lat' dir='ltr'>et</span> <span class='ocrx_word' id='word_1_13' title='bbox 693 524 792 596; x_wconf 87' lang='lat' dir='ltr'>mole</span> <span class='ocrx_word' id='word_1_14' title='bbox 820 539 858 597; x_wconf 87' lang='lat' dir='ltr'>et</span> <span class='ocrx_word' id='word_1_15' title='bbox 875 525 1141 598; x_wconf 81' lang='lat' dir='ltr'>&#39;constitutione</span> 
     </span>
     <span class='ocr_line' id='line_1_3' title="bbox 149 632 1142 744; baseline -0.002 -29"><span class='ocrx_word' id='word_1_16' title='bbox 149 656 368 744; x_wconf 87' lang='lat' dir='ltr'>peccantem</span> <span class='ocrx_word' id='word_1_17' title='bbox 388 668 398 727; x_wconf 91' lang='lat'>;</span> <span class='ocrx_word' id='word_1_18' title='bbox 425 632 503 740; x_wconf 90' lang='lat' dir='ltr'>qui</span> <span class='ocrx_word' id='word_1_19' title='bbox 518 642 665 713; x_wconf 85' lang='lat' dir='ltr'>tametsi</span> <span class='ocrx_word' id='word_1_20' title='bbox 688 641 781 738; x_wconf 89' lang='lat' dir='ltr'>quid</span> <span class='ocrx_word' id='word_1_21' title='bbox 807 657 891 739; x_wconf 85' lang='lat' dir='ltr'>agat</span> <span class='ocrx_word' id='word_1_22' title='bbox 916 643 1142 741; x_wconf 73' lang='lat' dir='ltr'>peculiariter</span> 
     </span>
     <span class='ocr_line' id='line_1_4' title="bbox 150 759 1141 858; baseline -0.003 -25"><span class='ocrx_word' id='word_1_23' title='bbox 150 761 309 833; x_wconf 90' lang='lat' dir='ltr'>definire</span> <span class='ocrx_word' id='word_1_24' title='bbox 339 784 418 830; x_wconf 90' lang='lat' dir='ltr'>non</span> <span class='ocrx_word' id='word_1_25' title='bbox 451 782 675 858; x_wconf 82' lang='lat' dir='ltr'>possumus3</span> <span class='ocrx_word' id='word_1_26' title='bbox 702 759 741 829; x_wconf 95' lang='lat' dir='ltr'>in</span> <span class='ocrx_word' id='word_1_27' title='bbox 770 759 995 832; x_wconf 81' lang='lat' dir='ltr'>universum</span> <span class='ocrx_word' id='word_1_28' title='bbox 1033 776 1141 832; x_wconf 85' lang='lat' dir='ltr'>tamen</span> 
     </span>
     <span class='ocr_line' id='line_1_5' title="bbox 150 876 1141 975; baseline 0 -27"><span class='ocrx_word' id='word_1_29' title='bbox 150 880 242 975; x_wconf 91' lang='lat' dir='ltr'>quin</span> <span class='ocrx_word' id='word_1_30' title='bbox 263 893 468 973; x_wconf 88' lang='lat' dir='ltr'>utrumque</span> <span class='ocrx_word' id='word_1_31' title='bbox 489 876 640 947; x_wconf 90' lang='lat' dir='ltr'>tandem</span> <span class='ocrx_word' id='word_1_32' title='bbox 655 889 720 947; x_wconf 90' lang='lat' dir='ltr'>aut</span> <span class='ocrx_word' id='word_1_33' title='bbox 738 876 896 951; x_wconf 84' lang='lat' dir='ltr'>alterum</span> <span class='ocrx_word' id='word_1_34' title='bbox 911 876 1069 950; x_wconf 91' lang='lat' dir='ltr'>illorum</span> <span class='ocrx_word' id='word_1_35' title='bbox 1088 876 1141 948; x_wconf 91' lang='lat' dir='ltr'>hu·</span> 
     </span>
     <span class='ocr_line' id='line_1_6' title="bbox 149 988 1140 1090; baseline -0.003 -24"><span class='ocrx_word' id='word_1_36' title='bbox 149 1018 298 1066; x_wconf 89' lang='lat' dir='ltr'>morum</span> <span class='ocrx_word' id='word_1_37' title='bbox 313 988 442 1090; x_wconf 83' lang='lat' dir='ltr'>juvet,</span> <span class='ocrx_word' id='word_1_38' title='bbox 460 1017 538 1064; x_wconf 90' lang='lat' dir='ltr'>non</span> <span class='ocrx_word' id='word_1_39' title='bbox 559 991 783 1066; x_wconf 81' lang='lat' dir='ltr'><strong>dubitamus.</strong></span> <span class='ocrx_word' id='word_1_40' title='bbox 809 997 886 1064; x_wconf 87' lang='lat' dir='ltr'>Cur</span> <span class='ocrx_word' id='word_1_41' title='bbox 913 1016 1011 1066; x_wconf 87' lang='lat' dir='ltr'>vero</span> <span class='ocrx_word' id='word_1_42' title='bbox 1027 995 1068 1065; x_wconf 92' lang='lat' dir='ltr'>in</span> <span class='ocrx_word' id='word_1_43' title='bbox 1082 993 1140 1064; x_wconf 86' lang='lat' dir='ltr'>hoc</span> 
     </span>
     <span class='ocr_line' id='line_1_7' title="bbox 149 1108 1141 1209; baseline -0.003 -25"><span class='ocrx_word' id='word_1_44' title='bbox 149 1127 185 1184; x_wconf 89' lang='lat' dir='ltr'>et</span> <span class='ocrx_word' id='word_1_45' title='bbox 203 1112 329 1209; x_wconf 85' lang='lat' dir='ltr'>priore</span> <span class='ocrx_word' id='word_1_46' title='bbox 345 1112 450 1198; x_wconf 89' lang='lat' dir='ltr'>viro,</span> <span class='ocrx_word' id='word_1_47' title='bbox 475 1112 567 1181; x_wconf 88' lang='lat' dir='ltr'>etin</span> <span class='ocrx_word' id='word_1_48' title='bbox 589 1109 765 1196; x_wconf 72' lang='lat' dir='ltr'>totalis,</span> <span class='ocrx_word' id='word_1_49' title='bbox 791 1110 830 1180; x_wconf 90' lang='lat' dir='ltr'>in</span> <span class='ocrx_word' id='word_1_50' title='bbox 857 1108 1004 1208; x_wconf 90' lang='lat' dir='ltr'>quibus</span> <span class='ocrx_word' id='word_1_51' title='bbox 1030 1134 1141 1182; x_wconf 90' lang='lat' dir='ltr'>nume·</span> 
     </span>
     <span class='ocr_line' id='line_1_8' title="bbox 147 1224 1139 1327; baseline -0.003 -27"><span class='ocrx_word' id='word_1_52' title='bbox 147 1253 230 1300; x_wconf 89' lang='lat' dir='ltr'>rare</span> <span class='ocrx_word' id='word_1_53' title='bbox 257 1251 407 1327; x_wconf 89' lang='lat' dir='ltr'>possem</span> <span class='ocrx_word' id='word_1_54' title='bbox 435 1240 517 1298; x_wconf 92' lang='lat' dir='ltr'>tum</span> <span class='ocrx_word' id='word_1_55' title='bbox 546 1224 727 1298; x_wconf 82' lang='lat' dir='ltr'>infantem</span> <span class='ocrx_word' id='word_1_56' title='bbox 754 1225 860 1298; x_wconf 88' lang='lat' dir='ltr'>illum</span> <span class='ocrx_word' id='word_1_57' title='bbox 889 1227 1060 1302; x_wconf 86' lang='lat' dir='ltr'>Preussii</span> <span class='ocrx_word' id='word_1_58' title='bbox 1082 1224 1139 1324; x_wconf 85' lang='grc' dir='ltr'><strong>(ι),</strong></span> 
     </span>
     <span class='ocr_line' id='line_1_9' title="bbox 147 1340 1140 1441; baseline -0.001 -24"><span class='ocrx_word' id='word_1_59' title='bbox 147 1359 226 1417; x_wconf 83' lang='lat' dir='ltr'>tum</span> <span class='ocrx_word' id='word_1_60' title='bbox 246 1345 443 1416; x_wconf 88' lang='lat' dir='ltr'>mulierem</span> <span class='ocrx_word' id='word_1_61' title='bbox 455 1342 555 1441; x_wconf 89' lang='lat' dir='ltr'>apud</span> <span class='ocrx_word' id='word_1_62' title='bbox 569 1342 736 1414; x_wconf 89' lang='lat' dir='ltr'>Portium</span> <span class='ocrx_word' id='word_1_63' title='bbox 748 1340 823 1436; x_wconf 83' lang='lat' dir='ltr'>(a),</span> <span class='ocrx_word' id='word_1_64' title='bbox 842 1342 915 1415; x_wconf 86' lang='lat' dir='ltr'>nisi</span> <span class='ocrx_word' id='word_1_65' title='bbox 941 1343 1047 1416; x_wconf 87' lang='lat' dir='ltr'>idem</span> <span class='ocrx_word' id='word_1_66' title='bbox 1064 1365 1140 1441; x_wconf 79' lang='lat' dir='ltr'>sape</span> 
     </span>
     <span class='ocr_line' id='line_1_10' title="bbox 148 1459 1141 1557; baseline 0 -24"><span class='ocrx_word' id='word_1_67' title='bbox 148 1461 242 1533; x_wconf 89' lang='lat' dir='ltr'>adeo</span> <span class='ocrx_word' id='word_1_68' title='bbox 270 1464 309 1531; x_wconf 93' lang='lat' dir='ltr'>in</span> <span class='ocrx_word' id='word_1_69' title='bbox 333 1459 619 1533; x_wconf 88' lang='lat' dir='ltr'>dissectionibus</span> <span class='ocrx_word' id='word_1_70' title='bbox 651 1460 959 1557; x_wconf 85' lang='lat' dir='ltr'>conspiceretur;</span> <span class='ocrx_word' id='word_1_71' title='bbox 987 1484 1078 1550; x_wconf 86' lang='lat' dir='ltr'>cur,</span> <span class='ocrx_word' id='word_1_72' title='bbox 1097 1463 1141 1532; x_wconf 85' lang='lat' dir='ltr'>iu·</span> 
     </span>
     <span class='ocr_line' id='line_1_11' title="bbox 146 1558 1139 1676; baseline -0.003 -26"><span class='ocrx_word' id='word_1_73' title='bbox 146 1604 286 1676; x_wconf 88' lang='lat' dir='ltr'>quam,</span> <span class='ocrx_word' id='word_1_74' title='bbox 305 1578 381 1648; x_wconf 91' lang='lat' dir='ltr'>lien</span> <span class='ocrx_word' id='word_1_75' title='bbox 401 1579 514 1649; x_wconf 88' lang='lat' dir='ltr'>simul</span> <span class='ocrx_word' id='word_1_76' title='bbox 529 1593 565 1650; x_wconf 88' lang='lat' dir='ltr'>et</span> <span class='ocrx_word' id='word_1_77' title='bbox 582 1576 699 1675; x_wconf 87' lang='lat' dir='ltr'><strong>hepar</strong></span> <span class='ocrx_word' id='word_1_78' title='bbox 721 1575 865 1647; x_wconf 90' lang='lat' dir='ltr'>tumida</span> <span class='ocrx_word' id='word_1_79' title='bbox 881 1558 1042 1675; x_wconf 75' lang='lat' dir='ltr'>l&#39;eperta</span> <span class='ocrx_word' id='word_1_80' title='bbox 1061 1578 1139 1663; x_wconf 78' lang='lat' dir='ltr'>sint,</span> 
     </span>
     <span class='ocr_line' id='line_1_12' title="bbox 146 1692 1138 1795; baseline -0.004 -27"><span class='ocrx_word' id='word_1_81' title='bbox 146 1711 183 1768; x_wconf 91' lang='lat' dir='ltr'>te</span> <span class='ocrx_word' id='word_1_82' title='bbox 203 1695 445 1793; x_wconf 89' lang='lat' dir='ltr'>quaesiturum</span> <span class='ocrx_word' id='word_1_83' title='bbox 468 1720 547 1766; x_wconf 90' lang='lat' dir='ltr'>non</span> <span class='ocrx_word' id='word_1_84' title='bbox 574 1694 765 1795; x_wconf 83' lang='lat' dir='ltr'>existima,</span> <span class='ocrx_word' id='word_1_85' title='bbox 792 1692 914 1792; x_wconf 80' lang='lat' dir='ltr'>probe</span> <span class='ocrx_word' id='word_1_86' title='bbox 941 1717 1138 1766; x_wconf 84' lang='lat' dir='ltr'>memorem</span> 
     </span>
     <span class='ocr_line' id='line_1_13' title="bbox 146 1811 1138 1909; baseline -0.004 -25"><span class='ocrx_word' id='word_1_87' title='bbox 146 1812 248 1884; x_wconf 89' lang='lat' dir='ltr'>uude</span> <span class='ocrx_word' id='word_1_88' title='bbox 264 1812 485 1909; x_wconf 86' lang='lat' dir='ltr'>sanguinem</span> <span class='ocrx_word' id='word_1_89' title='bbox 501 1828 708 1909; x_wconf 90' lang='lat' dir='ltr'>utrumque</span> <span class='ocrx_word' id='word_1_90' title='bbox 727 1812 850 1883; x_wconf 82' lang='lat' dir='ltr'>viscus</span> <span class='ocrx_word' id='word_1_91' title='bbox 866 1811 1042 1908; x_wconf 87' lang='lat' dir='ltr'>accipiat.</span> <span class='ocrx_word' id='word_1_92' title='bbox 1061 1814 1138 1883; x_wconf 89' lang='lat' dir='ltr'>Cum</span> 
     </span>
     <span class='ocr_line' id='line_1_14' title="bbox 147 1913 1137 2027; baseline 0 -26"><span class='ocrx_word' id='word_1_93' title='bbox 147 1932 247 2001; x_wconf 88' lang='lat' dir='ltr'>enim</span> <span class='ocrx_word' id='word_1_94' title='bbox 266 1930 487 2003; x_wconf 83' lang='lat' dir='ltr'>arteriasum</span> <span class='ocrx_word' id='word_1_95' title='bbox 503 1928 656 2027; x_wconf 89' lang='lat' dir='ltr'>quidem</span> <span class='ocrx_word' id='word_1_96' title='bbox 671 1927 718 2000; x_wconf 89' lang='lat' dir='ltr'>ab</span> <span class='ocrx_word' id='word_1_97' title='bbox 737 1927 872 1999; x_wconf 89' lang='lat' dir='ltr'>eadem</span> <span class='ocrx_word' id='word_1_98' title='bbox 882 1913 1042 2001; x_wconf 84' lang='lat' dir='ltr'>coeliaca</span> <span class='ocrx_word' id='word_1_99' title='bbox 1058 1943 1137 2001; x_wconf 81' lang='lat' dir='ltr'>arte·</span> 
     </span>
    </p>

    <p class='ocr_par' dir='ltr' id='par_1_3' title="bbox 80 2045 1138 3318">
     <span class='ocr_line' id='line_1_15' title="bbox 147 2045 1138 2144; baseline -0.006 -23"><span class='ocrx_word' id='word_1_100' title='bbox 147 2048 202 2121; x_wconf 85' lang='lat' dir='ltr'>ria</span> <span class='ocrx_word' id='word_1_101' title='bbox 224 2045 412 2135; x_wconf 67' lang='lat' dir='ltr'>habeant,</span> <span class='ocrx_word' id='word_1_102' title='bbox 427 2045 605 2118; x_wconf 84' lang='lat' dir='ltr'>utrolibet</span> <span class='ocrx_word' id='word_1_103' title='bbox 628 2046 792 2144; x_wconf 89' lang='lat' dir='ltr'>primum</span> <span class='ocrx_word' id='word_1_104' title='bbox 816 2059 1016 2136; x_wconf 87' lang='lat' dir='ltr'><strong>tumente,</strong></span> <span class='ocrx_word' id='word_1_105' title='bbox 1032 2068 1138 2144; x_wconf 86' lang='lat' dir='ltr'>eoque</span> 
     </span>
     <span class='ocr_line' id='line_1_16' title="bbox 80 2147 1138 2263; baseline 0 -28"><span class='ocrx_word' id='word_1_106' title='bbox 80 2147 81 2150; x_wconf 8' lang='grc' dir='ltr'><strong>Ἴ</strong></span> <span class='ocrx_word' id='word_1_107' title='bbox 145 2167 270 2236; x_wconf 90' lang='lat' dir='ltr'>minus</span> <span class='ocrx_word' id='word_1_108' title='bbox 286 2165 513 2263; x_wconf 81' lang='lat' dir='ltr'>accipiente,</span> <span class='ocrx_word' id='word_1_109' title='bbox 534 2163 618 2262; x_wconf 90' lang='lat' dir='ltr'>plus</span> <span class='ocrx_word' id='word_1_110' title='bbox 643 2166 681 2234; x_wconf 94' lang='lat' dir='ltr'>in</span> <span class='ocrx_word' id='word_1_111' title='bbox 703 2163 862 2236; x_wconf 87' lang='lat' dir='ltr'>alterum</span> <span class='ocrx_word' id='word_1_112' title='bbox 892 2162 1042 2237; x_wconf 86' lang='lat' dir='ltr'>influet.</span> <span class='ocrx_word' id='word_1_113' title='bbox 1062 2167 1138 2236; x_wconf 88' lang='lat' dir='ltr'>Sau-</span> 
     </span>
     <span class='ocr_line' id='line_1_17' title="bbox 147 2281 1137 2382; baseline -0.001 -30"><span class='ocrx_word' id='word_1_114' title='bbox 147 2283 300 2382; x_wconf 84' lang='lat' dir='ltr'>guinem</span> <span class='ocrx_word' id='word_1_115' title='bbox 322 2297 446 2352; x_wconf 88' lang='lat' dir='ltr'>autern</span> <span class='ocrx_word' id='word_1_116' title='bbox 466 2299 649 2352; x_wconf 87' lang='lat' dir='ltr'>venusum</span> <span class='ocrx_word' id='word_1_117' title='bbox 676 2305 762 2352; x_wconf 88' lang='lat' dir='ltr'>cum</span> <span class='ocrx_word' id='word_1_118' title='bbox 789 2281 897 2376; x_wconf 83' lang='lat' dir='ltr'>jecur</span> <span class='ocrx_word' id='word_1_119' title='bbox 931 2281 1137 2381; x_wconf 83' lang='lat' dir='ltr'>recipiatin</span> 
     </span>
     <span class='ocr_line' id='line_1_18' title="bbox 143 2399 1138 2511; baseline 0.002 -42"><span class='ocrx_word' id='word_1_120' title='bbox 143 2416 250 2511; x_wconf 55' lang='lat' dir='ltr'>parte</span> <span class='ocrx_word' id='word_1_121' title='bbox 274 2424 319 2471; x_wconf 87' lang='lat' dir='ltr'>ex</span> <span class='ocrx_word' id='word_1_122' title='bbox 336 2399 487 2497; x_wconf 85' lang='lat' dir='ltr'>splene,</span> <span class='ocrx_word' id='word_1_123' title='bbox 512 2423 697 2496; x_wconf 90' lang='lat' dir='ltr'>eumque,</span> <span class='ocrx_word' id='word_1_124' title='bbox 724 2413 766 2470; x_wconf 93' lang='lat' dir='ltr'>ut</span> <span class='ocrx_word' id='word_1_125' title='bbox 789 2422 1010 2502; x_wconf 79' lang='lat' dir='ltr'>censemus,</span> <span class='ocrx_word' id='word_1_126' title='bbox 1032 2422 1138 2474; x_wconf 71' lang='lat' dir='ltr'>vsecre-</span> 
     </span>
     <span class='ocr_line' id='line_1_19' title="bbox 143 2512 1137 2615; baseline -0.001 -26"><span class='ocrx_word' id='word_1_127' title='bbox 143 2514 239 2590; x_wconf 84' lang='lat' dir='ltr'>tioni</span> <span class='ocrx_word' id='word_1_128' title='bbox 255 2514 340 2588; x_wconf 88' lang='lat' dir='ltr'>bilis</span> <span class='ocrx_word' id='word_1_129' title='bbox 368 2512 632 2615; x_wconf 81' lang='lat' dir='ltr'>profuturum3</span> <span class='ocrx_word' id='word_1_130' title='bbox 649 2517 778 2614; x_wconf 89' lang='lat' dir='ltr'>utique</span> <span class='ocrx_word' id='word_1_131' title='bbox 808 2517 838 2589; x_wconf 92' lang='lat' dir='ltr'>si</span> <span class='ocrx_word' id='word_1_132' title='bbox 860 2517 973 2613; x_wconf 88' lang='lat' dir='ltr'>jecur</span> <span class='ocrx_word' id='word_1_133' title='bbox 989 2529 1137 2602; x_wconf 88' lang='lat' dir='ltr'>tumeat,</span> 
     </span>
     <span class='ocr_line' id='line_1_20' title="bbox 143 2614 1137 2735; baseline -0.001 -28"><span class='ocrx_word' id='word_1_134' title='bbox 143 2637 229 2735; x_wconf 92' lang='lat' dir='ltr'>plus</span> <span class='ocrx_word' id='word_1_135' title='bbox 244 2635 435 2733; x_wconf 83' lang='lat' dir='ltr'>sanguinis</span> <span class='ocrx_word' id='word_1_136' title='bbox 454 2633 492 2704; x_wconf 89' lang='lat' dir='ltr'>in</span> <span class='ocrx_word' id='word_1_137' title='bbox 514 2633 644 2730; x_wconf 86' lang='lat' dir='ltr'>splene</span> <span class='ocrx_word' id='word_1_138' title='bbox 658 2632 863 2705; x_wconf 88' lang='lat' dir='ltr'>restitahit:</span> <span class='ocrx_word' id='word_1_139' title='bbox 883 2614 1022 2706; x_wconf 78' lang='lat' dir='ltr'>sivero</span> <span class='ocrx_word' id='word_1_140' title='bbox 1035 2634 1137 2735; x_wconf 81' lang='lat' dir='ltr'>splen,</span> 
     </span>
     <span class='ocr_line' id='line_1_21' title="bbox 142 2751 1138 2852; baseline -0.005 -27"><span class='ocrx_word' id='word_1_141' title='bbox 142 2755 308 2852; x_wconf 86' lang='lat' dir='ltr'>ineptior</span> <span class='ocrx_word' id='word_1_142' title='bbox 319 2752 366 2822; x_wconf 90' lang='lat' dir='ltr'>ad</span> <span class='ocrx_word' id='word_1_143' title='bbox 386 2751 583 2822; x_wconf 85' lang='lat' dir='ltr'>transitum</span> <span class='ocrx_word' id='word_1_144' title='bbox 609 2774 679 2849; x_wconf 90' lang='lat' dir='ltr'>per</span> <span class='ocrx_word' id='word_1_145' title='bbox 696 2752 835 2848; x_wconf 85' lang='lat' dir='ltr'>jecoris</span> <span class='ocrx_word' id='word_1_146' title='bbox 853 2753 1049 2849; x_wconf 83' lang='lat' dir='ltr'>angustias</span> <span class='ocrx_word' id='word_1_147' title='bbox 1068 2761 1138 2824; x_wconf 69' lang='lat' dir='ltr'>sitit·¹</span> 
     </span>
     <span class='ocr_line' id='line_1_22' title="bbox 141 2865 1137 2969; baseline -0.006 -27"><span class='ocrx_word' id='word_1_148' title='bbox 141 2873 223 2969; x_wconf 84' lang='lat' dir='ltr'>guis</span> <span class='ocrx_word' id='word_1_149' title='bbox 238 2870 285 2942; x_wconf 87' lang='lat' dir='ltr'>ab</span> <span class='ocrx_word' id='word_1_150' title='bbox 302 2867 488 2965; x_wconf 86' lang='lat' dir='ltr'>ejusmodi</span> <span class='ocrx_word' id='word_1_151' title='bbox 504 2867 672 2939; x_wconf 86' lang='lat' dir='ltr'>mittetur</span> <span class='ocrx_word' id='word_1_152' title='bbox 687 2869 838 2965; x_wconf 84' lang='lat' dir='ltr'>splene,</span> <span class='ocrx_word' id='word_1_153' title='bbox 855 2867 1065 2967; x_wconf 89' lang='lat' dir='ltr'>minusque</span> <span class='ocrx_word' id='word_1_154' title='bbox 1074 2865 1137 2940; x_wconf 82' lang='lat' dir='ltr'>ida·</span> 
     </span>
     <span class='ocr_line' id='line_1_23' title="bbox 142 2983 1136 3084; baseline -0.008 -24"><span class='ocrx_word' id='word_1_155' title='bbox 142 3013 236 3069; x_wconf 88' lang='lat' dir='ltr'>neus</span> <span class='ocrx_word' id='word_1_156' title='bbox 251 2987 298 3057; x_wconf 90' lang='lat' dir='ltr'>ad</span> <span class='ocrx_word' id='word_1_157' title='bbox 323 2987 472 3084; x_wconf 87' lang='lat' dir='ltr'>optimae</span> <span class='ocrx_word' id='word_1_158' title='bbox 496 2983 588 3057; x_wconf 85' lang='lat' dir='ltr'>bilis</span> <span class='ocrx_word' id='word_1_159' title='bbox 602 2987 848 3057; x_wconf 84' lang='lat' dir='ltr'>secretionem</span> <span class='ocrx_word' id='word_1_160' title='bbox 876 2999 919 3056; x_wconf 85' lang='lat' dir='ltr'>ut</span> <span class='ocrx_word' id='word_1_161' title='bbox 939 2987 972 3058; x_wconf 91' lang='lat' dir='ltr'>si</span> <span class='ocrx_word' id='word_1_162' title='bbox 992 2987 1136 3061; x_wconf 85' lang='lat' dir='ltr'>crassior</span> 
     </span>
     <span class='ocr_line' id='line_1_24' title="bbox 142 3101 1136 3202; baseline -0.006 -25"><span class='ocrx_word' id='word_1_163' title='bbox 142 3103 377 3177; x_wconf 85' lang='lat' dir='ltr'>ac&#39;viscidior</span> <span class='ocrx_word' id='word_1_164' title='bbox 391 3118 627 3201; x_wconf 86' lang='lat' dir='ltr'>secernatur,</span> <span class='ocrx_word' id='word_1_165' title='bbox 644 3118 809 3202; x_wconf 82' lang='lat' dir='ltr'>exparte</span> <span class='ocrx_word' id='word_1_166' title='bbox 826 3103 865 3173; x_wconf 92' lang='lat' dir='ltr'>in</span> <span class='ocrx_word' id='word_1_167' title='bbox 878 3101 1020 3201; x_wconf 83' lang='lat' dir='ltr'>h&#39;epate</span> <span class='ocrx_word' id='word_1_168' title='bbox 1031 3125 1136 3177; x_wconf 89' lang='lat' dir='ltr'>remo·</span> 
     </span>
     <span class='ocr_line' id='line_1_25' title="bbox 141 3219 971 3318; baseline -0.002 -25"><span class='ocrx_word' id='word_1_169' title='bbox 141 3238 264 3303; x_wconf 87' lang='lat' dir='ltr'>retur,</span> <span class='ocrx_word' id='word_1_170' title='bbox 283 3220 439 3316; x_wconf 89' lang='lat' dir='ltr'>ejusque</span> <span class='ocrx_word' id='word_1_171' title='bbox 459 3233 496 3292; x_wconf 88' lang='lat' dir='ltr'>et</span> <span class='ocrx_word' id='word_1_172' title='bbox 512 3221 591 3317; x_wconf 87' lang='lat' dir='ltr'>ipsa</span> <span class='ocrx_word' id='word_1_173' title='bbox 609 3219 791 3318; x_wconf 84' lang='lat' dir='ltr'>adaugeat</span> <span class='ocrx_word' id='word_1_174' title='bbox 810 3219 971 3291; x_wconf 80' lang='lat' dir='ltr'>molem·</span> 
     </span>
    </p>

    <p class='ocr_par' dir='ltr' id='par_1_4' title="bbox 139 3324 1135 3554">
     <span class='ocr_line' id='line_1_26' title="bbox 192 3324 1134 3436; baseline -0.001 -28"><span class='ocrx_word' id='word_1_175' title='bbox 192 3364 248 3435; x_wconf 82' lang='lat'>27.</span> <span class='ocrx_word' id='word_1_176' title='bbox 269 3324 450 3415; x_wconf 80' lang='lat' dir='ltr'>Caeterum</span> <span class='ocrx_word' id='word_1_177' title='bbox 476 3335 555 3408; x_wconf 87' lang='lat' dir='ltr'>haec</span> <span class='ocrx_word' id='word_1_178' title='bbox 575 3352 612 3409; x_wconf 82' lang='lat' dir='ltr'>et</span> <span class='ocrx_word' id='word_1_179' title='bbox 625 3337 794 3434; x_wconf 85' lang='lat' dir='ltr'>quaedam</span> <span class='ocrx_word' id='word_1_180' title='bbox 812 3337 883 3408; x_wconf 83' lang='lat' dir='ltr'>alia</span> <span class='ocrx_word' id='word_1_181' title='bbox 897 3336 939 3407; x_wconf 91' lang='lat' dir='ltr'>in</span> <span class='ocrx_word' id='word_1_182' title='bbox 959 3335 1033 3410; x_wconf 90' lang='lat' dir='ltr'>hac</span> <span class='ocrx_word' id='word_1_183' title='bbox 1053 3336 1134 3436; x_wconf 85' lang='lat' dir='ltr'>epis·</span> 
     </span>
     <span class='ocr_line' id='line_1_27' title="bbox 139 3453 1135 3554; baseline -0.001 -28"><span class='ocrx_word' id='word_1_184' title='bbox 139 3455 215 3527; x_wconf 87' lang='lat' dir='ltr'>tola</span> <span class='ocrx_word' id='word_1_185' title='bbox 229 3454 275 3526; x_wconf 92' lang='lat' dir='ltr'>ad</span> <span class='ocrx_word' id='word_1_186' title='bbox 289 3478 368 3525; x_wconf 89' lang='lat' dir='ltr'>non</span> <span class='ocrx_word' id='word_1_187' title='bbox 383 3453 592 3525; x_wconf 91' lang='lat' dir='ltr'>absimilem</span> <span class='ocrx_word' id='word_1_188' title='bbox 610 3453 766 3526; x_wconf 83' lang='lat' dir='ltr'>modum</span> <span class='ocrx_word' id='word_1_189' title='bbox 786 3454 1005 3554; x_wconf 82' lang='lat' dir='ltr'>proposita,</span> <span class='ocrx_word' id='word_1_190' title='bbox 1022 3464 1075 3528; x_wconf 83' lang='lat' dir='ltr'>stc</span> <span class='ocrx_word' id='word_1_191' title='bbox 1087 3477 1135 3525; x_wconf 87' lang='lat' dir='ltr'>ac·</span> 
     </span>
    </p>
   </div>
   <div class='ocr_carea' id='block_1_3' title="bbox 137 3627 1133 3657">
    <p class='ocr_par' dir='ltr' id='par_1_5' title="bbox 137 3627 1133 3657">
     <span class='ocr_line' id='line_1_28' title="bbox 137 3627 1133 3657; baseline -0.005 3"><span class='ocrx_word' id='word_1_192' title='bbox 137 3627 1133 3657; x_wconf 52' lang='grc' dir='ltr'>ιιι-Μ</span> 
     </span>
    </p>
   </div>
   <div class='ocr_carea' id='block_1_4' title="bbox 80 3756 1134 4031">
    <p class='ocr_par' dir='ltr' id='par_1_6' title="bbox 80 3756 1134 4031">
     <span class='ocr_line' id='line_1_29' title="bbox 80 3756 656 3835; baseline -0.005 -20"><span class='ocrx_word' id='word_1_193' title='bbox 80 3773 86 3783; x_wconf 83' lang='grc'><em>“</em></span> <span class='ocrx_word' id='word_1_194' title='bbox 174 3757 221 3835; x_wconf 85' lang='grc' dir='ltr'>(ι)</span> <span class='ocrx_word' id='word_1_195' title='bbox 242 3758 314 3815; x_wconf 76' lang='lat' dir='ltr'>obs.</span> <span class='ocrx_word' id='word_1_196' title='bbox 333 3757 383 3815; x_wconf 89' lang='lat' dir='ltr'>cit.</span> <span class='ocrx_word' id='word_1_197' title='bbox 402 3775 492 3832; x_wconf 84' lang='lat' dir='ltr'>supra</span> <span class='ocrx_word' id='word_1_198' title='bbox 506 3757 589 3814; x_wconf 84' lang='lat' dir='ltr'>adn.</span> <span class='ocrx_word' id='word_1_199' title='bbox 609 3756 656 3813; x_wconf 81' lang='lat'>18.</span> 
     </span>
     <span class='ocr_line' id='line_1_30' title="bbox 174 3854 1134 3933; baseline -0.002 -21"><span class='ocrx_word' id='word_1_200' title='bbox 174 3857 217 3929; x_wconf 70' lang='lat' dir='ltr'>(a)</span> <span class='ocrx_word' id='word_1_201' title='bbox 239 3860 305 3912; x_wconf 79' lang='lat' dir='ltr'>Act.</span> <span class='ocrx_word' id='word_1_202' title='bbox 321 3858 404 3915; x_wconf 88' lang='lat' dir='ltr'>erud.</span> <span class='ocrx_word' id='word_1_203' title='bbox 419 3858 499 3933; x_wconf 88' lang='lat' dir='ltr'>Lips.</span> <span class='ocrx_word' id='word_1_204' title='bbox 518 3861 666 3928; x_wconf 75' lang='lat' dir='ltr'>an1704,</span> <span class='ocrx_word' id='word_1_205' title='bbox 691 3875 731 3913; x_wconf 84' lang='lat' dir='ltr'>m.</span> <span class='ocrx_word' id='word_1_206' title='bbox 750 3856 918 3933; x_wconf 70' lang='lat' dir='ltr'>septembr.</span> <span class='ocrx_word' id='word_1_207' title='bbox 928 3854 964 3917; x_wconf 84' lang='lat' dir='ltr'>iu</span> <span class='ocrx_word' id='word_1_208' title='bbox 979 3859 1066 3918; x_wconf 78' lang='lat' dir='ltr'>relat.</span> <span class='ocrx_word' id='word_1_209' title='bbox 1081 3854 1134 3929; x_wconf 70' lang='lat' dir='ltr'>eju</span> 
     </span>
     <span class='ocr_line' id='line_1_31' title="bbox 136 3959 306 4031; baseline 0.012 -19"><span class='ocrx_word' id='word_1_210' title='bbox 136 3959 306 4031; x_wconf 85' lang='lat' dir='ltr'>opusculor.</span> 
     </span>
    </p>
   </div>
   <div class='ocr_carea' id='block_1_5' title="bbox 0 0 1294 4514">
    <p class='ocr_par' dir='ltr' id='par_1_7' title="bbox 0 0 1294 4514">
     <span class='ocr_line' id='line_1_32' title="bbox 0 0 1294 4514; baseline 0 3"><span class='ocrx_word' id='word_1_211' title='bbox 0 0 1294 4514; x_wconf 95' lang='lat' dir='ltr'> </span> 
     </span>
    </p>
   </div>
  </div>
 </body>
</html>
