2580 4514
142 341 213 428 346
307 364 353 410 ns
380 361 525 409 sentens
550 363 594 407 aa
620 360 744 409 causis
768 359 983 409 nonnosum

139 477 437 548 inflammatione
447 477 485 544 in
501 499 739 573 gangraenam
752 475 956 548 transiisse.
969 474 1038 547 Sed
1046 473 1120 573 quod

139 592 186 665 ad
203 593 375 665 dolorem
395 594 547 682 attinet,
565 593 643 664 aliae
656 607 791 666 nostrae
804 593 975 691 epistolae
991 591 1121 666 sineillo

139 710 252 784 fuisse
273 712 538 784 intestinorum
557 710 895 784 inflammationem
916 734 1122 782 commemo·

139 846 234 901 rant.
255 832 427 928 Namque
451 844 493 901 ut
510 831 665 913 sileam,
681 832 722 900 in
737 832 860 900 XXIX
884 828 941 928 (ι)
962 829 1066 902 nulio
1084 829 1123 899 in·

139 948 274 1019 testina
294 946 428 1018 dolore
449 962 579 1019 vexata
604 947 697 1045 legi,
718 972 800 1044 quae
829 949 961 1018 omnia
993 947 1124 1018 maxime

34 1156 39 1163 ὁ
139 1081 262 1136 essent
276 1065 507 1136 inflammata
519 1092 529 1153 3
548 1065 640 1137 illud
654 1065 755 1137 enim
769 1079 931 1164 propter
942 1088 1073 1136 eorum
1082 1088 1128 1164 pa·

140 1182 486 1280 ralysim'accidisse
498 1184 662 1279 conjeci3
681 1198 781 1254 certe
796 1207 878 1253 non
893 1196 1007 1254 erant
1024 1183 1062 1252 in
1072 1178 1128 1253 aliis

139 1299 409 1398 aegrotantibus
429 1301 613 1388 resoluta,
640 1315 684 1373 ut
708 1315 799 1400 puta
815 1301 856 1370 in
875 1298 1034 1371 duobus
1050 1297 1129 1397 ''epit-

138 1419 216 1490 tola
226 1422 311 1488 XXI
322 1419 604 1517 (a)pr0p0sitis;
621 1433 657 1490 et
669 1434 815 1506 tamen,
834 1421 903 1490 etsi
919 1415 1129 1488 inflammata

138 1552 287 1634 reperta
305 1554 410 1621 sunt,
429 1536 533 1607 nulla
552 1536 679 1608 audita
702 1534 824 1607 fuerat
854 1535 903 1607 de
931 1560 1065 1607 eorum
1080 1526 1129 1605 doss

140 1655 220 1725 lore
238 1655 404 1751 querela.
421 1660 542 1753 Atque
556 1670 598 1727 ut
611 1679 745 1753 aegram
760 1674 973 1725 memorem
989 1708 1000 1742 ‚
1020 1653 1130 1749 dequa

139 1771 333 1844 recordari
365 1769 508 1845 facilius
544 1775 685 1873 possis,
720 1772 854 1843 mulier
884 1768 1128 1870 superioribus

135 1890 333 1987 litteris(3)
356 1889 541 1991 descripta
566 1908 643 1979 est,
674 1891 781 1986 cujus
812 1890 943 1962 tenuia
970 1890 1125 1962 intestina

138 2009 298 2080 maxima
330 2034 373 2080 ex
398 2025 503 2109 parte
528 2009 737 2098 rubebant;
764 2006 977 2105 eademque
1006 2004 1124 2079 doloris

139 2124 256 2199 ferme
271 2129 438 2226 expertia
451 2130 528 2201 visa
546 2126 708 2200 fuerant.
738 2125 810 2198 Sed
835 2148 907 2197 nec
926 2118 1074 2224 signam
1090 2120 1126 2194 al·

138 2259 260 2317 terum
291 2244 596 2319 inflammationis
629 2247 862 2345 praecipuum
896 2239 1040 2332 febris,
1067 2252 1124 2313 toto

139 2363 264 2434 morbi
282 2379 455 2463 tempore
472 2366 511 2435 in
528 2389 571 2436 ea
584 2363 746 2436 muliere
759 2384 932 2461 unquam
951 2357 1123 2432 fueratzin

137 2478 267 2576 bajulo
298 2497 442 2571 autem,
470 2483 584 2581 paulo
613 2497 699 2581 post
722 2480 822 2552 illam
852 2480 1056 2578 proposito
1071 2472 1122 2572 (i),

139 2595 273 2688 febris,
298 2601 374 2672 siie
402 2625 479 2671 non
506 2600 614 2671 valde
644 2596 861 2697 frequentes
886 2597 1046 2696 pulsus,
1073 2592 1123 2666 site

139 2742 216 2788 non
237 2717 401 2791 calentes
424 2742 556 2790 carnes
584 2716 819 2804 attenderes,
850 2714 944 2787 levis
973 2729 1072 2802 erat3
1086 2711 1124 2780 ia·

139 2834 343 2908 flammatio
363 2851 489 2908 tamen
509 2861 589 2906 non
607 2835 723 2924 levis3
749 2848 800 2905 ut'
817 2833 925 2931 locus
947 2834 989 2904 in
1012 2812 1059 2906 eti
1070 2848 1124 2902 nott

140 2964 260 3044 esset,
292 2955 493 3054 multoque
518 2956 644 3028 ,minus
673 2954 714 3024 in
743 2952 925 3041 muliere,
955 2942 1125 3024 laudante

138 3072 309 3170 alioquin
339 3068 497 3143 Ballonii
521 3071 576 3171 (5)
601 3072 804 3144 sententiae.
838 3069 916 3160 Qui
946 3074 1123 3169 postquam

139 3190 304 3278 dixerat,
323 3190 447 3263 videri
464 3216 615 3288 (equum
635 3215 711 3263 esse
732 3188 907 3281 utfebris
923 3192 1076 3288 insignis
1087 3188 1123 3253 ia·
