2580 4514
191 113 260 159 rra.
289 113 347 160 111.
374 113 421 159 na
446 111 581 159 uonrts
607 111 910 176 vsnrn1s,ar1sr.
937 113 1034 159 xxm.
1074 89 1139 160 133

139 226 374 323 sanguinem.
388 227 520 322 Neque
533 225 634 296 enirn
651 226 682 296 is
702 239 780 296 erat
793 225 984 312 Valsalva,
1003 225 1067 323 qui
1080 240 1144 295 aut

137 343 304 438 ejectum
324 356 388 412 aut
409 342 601 414 residuum
622 343 659 411 in
682 344 824 412 mortui
851 343 1037 414 intestinis
1060 366 1144 414 san-

138 460 315 554 gninem,
335 460 364 529 si
385 458 540 556 quidem
556 461 704 556 sangnis
719 456 862 546 fuisset,
884 457 989 530 facile
1009 483 1144 556 agnos-

139 600 230 646 cere
245 578 416 647 neseiret.
436 579 552 674 Igitur
569 591 634 647 aut
650 578 812 647 tinctura
828 576 888 647 illa
901 603 983 674 quae
999 579 1145 675 sangui·

138 718 213 764 nea
228 718 252 763 a
264 693 497 764 mulierculis
515 692 656 764 credita
671 709 744 781 est,
760 693 884 790 aliqua
904 695 1054 791 pessimi
1072 693 1145 765 hu-

136 793 261 882 moris
289 812 415 909 portio
441 809 529 898 luit,
558 827 650 883 tune
675 812 840 909 primum
866 833 1084 909 erumpere,
1111 827 1148 882 et

138 953 226 1024 qnae
248 929 435 999 intestinis
454 943 563 998 antea
589 927 901 1014 continebantur,
919 925 1071 999 inficere
1095 929 1149 997 in·

139 1046 335 1143 cipientis,
354 1061 418 1116 aut
433 1047 463 1116 si
482 1069 611 1116 revera
631 1047 832 1142 sanguinea
848 1044 936 1132 fuit,
955 1070 1000 1115 ex
1017 1069 1149 1114 vascu-

141 1162 189 1233 lis
219 1162 447 1260 quibusdam
481 1162 632 1263 stillavit
660 1188 741 1259 quae
768 1163 959 1234 deterrimi
979 1163 1150 1234 humoris

146 1281 273 1350 acrior
296 1280 465 1378 quaedam
490 1305 576 1378 pars
603 1260 776 1351 eroserat.
799 1278 834 1351 ls
861 1296 984 1351 autem
1010 1279 1151 1349 humor

149 1422 304 1485 reeens,
323 1397 457 1469 additis
477 1401 550 1468 sive
574 1399 613 1465 in
632 1398 724 1493 eysti
746 1395 872 1485 fellea,
899 1401 974 1469 sive
1002 1398 1041 1466 in
1062 1420 1152 1466 cavo

150 1515 419 1585 intestinorum
446 1515 565 1584 succis
584 1513 685 1600 aliis,
704 1515 769 1610 qui
787 1515 894 1609 cttjus
909 1515 1056 1611 generis
1072 1537 1152 1584 esse

150 1632 365 1728 potuerint,
383 1629 522 1701 Graafii'
538 1631 857 1727 experimentum,
875 1632 913 1699 in
929 1629 1153 1728 Sepulchre·

151 1765 191 1819 to
202 1747 413 1846 quoque(1)
425 1747 669 1844 descriptum,
683 1747 947 1844 quadantenus
960 1747 1152 1836 indicabit,

152 1867 398 1964 nigerrimum
414 1865 520 1935 illum
536 1864 703 1936 colorem
717 1863 887 1950 adscivit,
904 1880 940 1935 et
955 1865 1153 1961 pessimam

152 1998 322 2054 veterum
346 1982 460 2053 bilem
489 1996 607 2052 atram
632 1983 853 2081 perniciosis
881 1979 1077 2053 effectibus
1095 2007 1155 2053 re-

162 2101 407 2199 praesentavit.
423 2103 543 2190 Quam
562 2100 736 2172 acerbam
760 2117 795 2172 et
815 2100 973 2172 celerem
992 2115 1155 2170 mortem

156 2219 208 2289 illi
225 2244 380 2317 qnoque
396 2217 515 2289 Fabro
535 2215 691 2289 ferrario
709 2220 890 2305 attulerit,
911 2218 958 2289 de
973 2245 1050 2315 quo
1067 2243 1156 2315 pro.-

157 2337 256 2406 xima
273 2335 430 2433 epistola
443 2335 498 2433 (2)
513 2322 694 2432 scliptum
717 2351 791 2423 est,
819 2351 918 2406 certe
943 2336 1156 2407 meministi.

157 2457 441 2549 Nonnunquam
461 2467 608 2542 tamen,
630 2453 694 2524 sed
718 2476 873 2550 perraro
888 2468 924 2523 et
941 2450 1159 2522 difficillime

160 2569 315 2655 accidit,
331 2585 372 2641 ut
390 2569 523 2667 aliquis
540 2585 717 2641 servetur.
728 2568 840 2658 Quod
858 2571 896 2638 in
915 2568 1032 2639 altero
1051 2566 1159 2638 fabro

159 2685 315 2758 ferrario
340 2711 425 2757 eum
441 2685 568 2758 videre
586 2687 680 2758 mibi
702 2687 902 2785 contigerit
919 2711 1019 2757 anno
1046 2712 1159 2783 1710,

160 2828 305 2875 summa
320 2803 400 2898 ejus
421 2803 692 2876 observationis
708 2806 827 2903 capita
845 2804 920 2877 huc
939 2803 1006 2875 tibi
1028 2803 1162 2874 adscri-

158 2920 249 2993 bere
264 2944 342 2991 non
357 2921 550 3017 gravabor.

210 3065 241 3136 7.
260 3038 435 3126 Gracilis,
450 3038 514 3111 sed
527 3054 631 3111 aetate
642 3055 678 3112 et
692 3039 835 3111 viribus
847 3040 991 3110 validus
1001 3040 1161 3134 juvenis,

161 3181 230 3228 nec
247 3171 327 3227 arte
346 3158 475 3228 minus·
489 3182 573 3246 sna,
591 3182 705 3256 qna-m
723 3173 976 3256 temperatura
993 3157 1162 3243 adustus,

203 3558 246 3638 (1)
268 3562 317 3617 Ad
331 3561 393 3617 obs.
413 3560 467 3636 15,
487 3575 554 3620 sect.
578 3584 622 3621 ια.

204 3658 248 3737 (a)
267 3659 307 3717 N.
333 3659 378 3717 16.
