2580 4514
82 378 85 383 ’
153 378 226 452 668
313 401 359 448 nn
385 397 532 447 samios
558 399 602 446 aa
626 396 752 445 ctosts
779 396 1007 445 nonnonmt

153 512 292 587 alicubi
320 512 467 585 dimidii
492 511 601 611 digiti
629 517 795 583 crassitie
823 512 951 599 vidit,
978 510 1148 608 multoque
1198 492 1203 503 ⁸

154 630 279 703 adhuc
294 631 430 728 magis,
448 631 478 702 si
495 653 626 700 eornm
647 653 730 726 qua
750 655 796 700 ex
812 629 965 728 Tuipio
991 629 1045 725 (ι)
1065 626 1150 698 retuli

155 762 192 820 et
203 735 381 846 Bogdano
393 745 464 844 (α),
479 745 748 818 recordaberis.
770 748 900 844 Igitur
913 749 947 818 si
965 742 1152 817 crassitudi-

154 889 242 938 nem
264 864 361 935 hanc
382 888 468 935 cum
486 862 691 962 Malpighio
703 863 899 961 explicare
916 864 1152 949 tnalueris3ex

158 981 324 1053 adauctis
343 982 553 1054 secretariis
569 982 718 1078 organis
744 996 945 1078 qnantum
972 981 1030 1053 ibi
1050 1001 1153 1078 augea·

156 1115 220 1172 tur
241 1098 408 1171 conclusi
430 1097 602 1171 humoris
618 1099 774 1171 secretio
790 1098 1014 1196 inteiligeS,
1033 1104 1154 1196 praser-

157 1217 225 1289 tim
248 1241 334 1287 cum
353 1239 524 1313 magnam
548 1240 722 1287 vasorum
740 1215 787 1286 ad
811 1216 899 1313 ipsa
918 1216 1153 1314 spectantium

49 1331 53 1335 ’
161 1333 415 1406 dilatationem
433 1333 645 1406 attenderis.
664 1333 846 1406 Praeciare
868 1335 983 1406 enim
1005 1334 1068 1407 hic
1089 1332 1156 1404 vidit

162 1448 362 1549 Bogdanus
377 1474 491 1522 venas
506 1451 743 1549 epigastricas
758 1452 961 1540 internas,
976 1471 1158 1546 earumque

161 1574 442 1657 extremitates,
472 1566 664 1640 tubercula
692 1567 832 1640 similia
868 1577 967 1642 nuci
1000 1567 1159 1641 avellana

72 1707 75 1713 ’
164 1685 359 1773 tabentes,
377 1709 423 1758 ac
435 1690 470 1756 si
475 1685 635 1785 papillae
641 1687 794 1779 forent,
808 1692 933 1759 etiam
948 1682 1159 1772 scissa,Koi·

165 1803 277 1876 selius
306 1802 378 1900 (3)
407 1819 532 1876 autem
558 1794 666 1876 senas
681 1819 859 1876 extensas
872 1805 1109 1892 admodum,
1123 1797 1161 1872 od

162 1917 337 2017 globulos
355 1926 602 1992 terminantes.
615 1920 874 2020 Eamdemque
896 1922 1160 2006 dilatationem,

61 2064 64 2069 ·
134 2051 303 2136 .praeter
329 2037 464 2109 Mothii
488 2038 679 2110 historiam
704 2039 885 2136 superius
912 2041 986 2138 (4)
1015 2037 1162 2141 proposi·

168 2168 264 2243 tam,
283 2153 450 2243 indicant
466 2180 569 2227 venae
593 2155 818 2227 mammariae
843 2171 887 2229 et
908 2156 1161 2258 hypogastrice

167 2271 241 2369 (an
261 2272 534 2370 epigastricaei)
551 2271 597 2343 ad
617 2271 840 2344 auricularis
870 2273 990 2372 digiti
1014 2275 1160 2348 erassitu-

170 2385 297 2459 dinem
315 2386 545 2488 ampiifieatae
562 2389 663 2489 apud
680 2386 884 2492 Palfinium
905 2391 981 2489 (5).
994 2395 1163 2484 Quantum

171 2529 263 2576 vero
282 2506 380 2577 inter
394 2509 515 2604 ipsum
535 2508 778 2604 peritonaeum
796 2520 832 2578 et
844 2507 1077 2582 abdominis
1089 2528 1164 2579 mus·

175 2621 279 2694 culos
301 2621 454 2694 dilatare
480 2648 519 2695 se
546 2625 692 2722 possint
715 2645 798 2692 vasa
825 2625 1075 2722 magnisona,
1094 2618 1165 2696 nihil

173 2740 291 2838 magis
309 2739 491 2829 ostendit,
511 2766 624 2839 quam
637 2743 736 2812 intel·
752 2740 847 2830 hos,
862 2742 1052 2844 illudque
1062 2737 1165 2816 inven-

167 2859 420 2956 ‘taesanguinis
438 2858 631 2956 nigerrimi
649 2857 752 2928 librae
773 2862 980 2955 octoginta
1002 2863 1052 2936 ab
1074 2870 1168 2934 Anto·

174 2975 238 3044 nio
252 2974 298 3044 de
312 2975 436 3046 Pozzis
450 2973 505 3071 (6)
518 2976 556 3045 in
566 2975 795 3074 plethorica,
816 2977 1044 3080 eademque
1056 2979 1167 3079 hydro

174 3090 259 3187 pica
276 3091 432 3186 virgine.

225 3203 281 3302 57.
308 3208 372 3279 His
389 3208 439 3279 ita
456 3206 613 3297 additis,
640 3224 753 3307 atque
779 3210 1167 3309 explicatishumoris
