2580 4514
242 392 291 466 36
353 432 365 454 ·
412 416 459 463 nr
483 413 631 463 srmrus
653 416 699 461 rr
723 413 848 461 catsrs
871 412 1080 461 nonnanis

243 533 323 602 imo
346 529 583 602 stomachum
611 553 739 600 versus
763 527 812 598 ad
837 528 986 626 pollicis
1014 527 1249 600 latitudinem

242 674 384 722 osseus.
413 649 592 745 Princeps
617 663 743 718 tamen
772 646 836 717 ille
863 671 941 716 non
970 646 1087 716 modo
1115 646 1249 717 ultimo

193 838 200 847 ,
242 766 400 840 biennio
415 765 585 863 quotidie
598 764 747 836 duabus
764 790 786 834 a
799 763 962 861 prandio
976 763 1081 835 horis
1093 789 1251 836 vomue-

242 900 318 972 rat3
331 883 395 955 sed
406 883 454 954 de
467 883 569 954 nulla
581 908 751 980 unquam
764 884 804 952 iu
816 881 1064 979 deglutiendo
1080 882 1250 953 molestia

241 1016 307 1073 aut
325 997 546 1071 difficultate
565 1013 797 1095 conquestus
813 995 945 1068 fuerat.
965 1003 1022 1068 An
1038 1000 1155 1095 igitur
1171 1024 1250 1069 non

241 1142 351 1191 secus
375 1143 417 1189 ac
435 1117 586 1215 sanguis
605 1140 674 1214 per
699 1140 845 1187 osseam
859 1119 1034 1186 arteriam
1052 1115 1177 1188 cordis
1191 1118 1251 1202 vi,

240 1251 279 1308 et
294 1251 396 1333 retro
414 1238 624 1336 positarum
640 1237 862 1306 arteriarum
879 1233 1126 1332 propellitur,
1144 1233 1250 1306 cibus

240 1352 900 1454 quoqueavalidioribuspharyugis
909 1351 1092 1424 musculis
1104 1353 1250 1449 impelli

239 1486 365 1572 potest
388 1496 457 1569 per
476 1472 602 1568 gulam
622 1495 701 1540 non
723 1471 1014 1554 conniventem,
1038 1495 1164 1567 neque
1189 1496 1250 1543 ex·

238 1590 473 1689 plicandam,
487 1588 552 1660 sed
570 1589 739 1686 patulam
751 1613 773 1658 a
787 1588 922 1684 rigidis
940 1587 1149 1685 parietibus
1166 1613 1249 1686 per-

239 1723 356 1808 petuo
369 1707 582 1779 servatam?
601 1709 655 1777 Tu
672 1731 763 1803 ergo
784 1704 860 1776 hoc
882 1705 1044 1795 videris,
1062 1707 1249 1804 simulque

238 1825 501 1905 observatione
518 1823 589 1895 hac
603 1822 651 1894 ad
671 1823 841 1920 quinque
857 1821 1008 1911 addita,
1028 1848 1123 1919 quas
1138 1847 1248 1921 supe·

234 1938 317 2017 'rius
333 1942 639 2023 memoravimus,
653 1963 784 2011 rursus
797 1955 923 2011 tecum
934 1939 1144 2038 reputabis,
1155 1966 1247 2012 uum

237 2056 388 2133 fervidae
398 2084 504 2156 aquae
517 2057 653 2130 abusui
662 2057 757 2127 illud
774 2059 822 2128 sit
833 2060 967 2129 vitium
982 2059 1247 2156 imputandum

237 2176 429 2276 quodnon
442 2175 609 2274 linguam
624 2190 726 2262 ,non
747 2171 894 2264 fauces,
914 2200 993 2246 non
1012 2179 1246 2275 superiorem

237 2296 331 2396 gula
345 2308 528 2380 tractum,
542 2291 606 2365 sed
619 2290 791 2363 infimum
805 2294 967 2364 maxime
983 2318 1187 2392 occupasse
1196 2295 1246 2366 de

237 2437 301 2486 sex
319 2412 398 2485 istis
414 2410 596 2508 exemplis
612 2425 777 2508 quatuor
794 2410 1012 2483 ostendunt.
1028 2416 1084 2483 De
1098 2413 1247 2486 duobus

236 2547 361 2605 autem
391 2528 548 2628 reliquis
572 2528 732 2600 alterum
758 2529 1066 2602 aclavicularum
1092 2534 1246 2629 regione

239 2647 817 2747 incipiensproponit3utunum
831 2646 876 2718 fit
894 2650 933 2718 in
950 2673 1029 2745 quo
1050 2674 1136 2720 cum
1151 2650 1245 2747 pha·

233 2758 645 2863 ryngisfineoesophagi
654 2765 804 2835 initium
820 2765 1037 2863 cartiingine
1048 2767 1245 2839 occlusum

234 2884 383 2982 legatur
398 2911 404 2953 :
422 2896 658 2981 quapropter
672 2880 861 2955 Stoffelius
874 2883 912 2954 id
926 2883 1030 2980 quod
1051 2887 1176 2956 caeteri
1193 2912 1242 2956 ne

235 3002 401 3098 cogitare
436 2999 589 3097 quidem
621 3001 860 3098 potuissent,
891 3001 1081 3098 quaerebat
1109 3029 1158 3075 an
1195 3002 1242 3075 ad

230 3120 535 3219 laryngotomiae,
557 3144 672 3216 quam
687 3135 849 3208 vocant,
869 3121 1141 3209 imitationem,
1163 3125 1241 3194 ins-

229 3239 366 3309 tituere
383 3237 511 3308 liceret
524 3236 902 3335 pharyngotomiam,
920 3262 988 3310 seu
1001 3240 1129 3336 potius
1145 3264 1244 3310 sum-

231 3358 283 3427 mi
296 3355 490 3454 oesophagi
503 3356 728 3427 incisionem
741 3382 809 3454 per
825 3382 937 3453 quam
951 3355 1076 3428 fistula
1088 3357 1243 3430 alimen·

229 3489 309 3545 tum
322 3472 503 3544 invehens
513 3528 523 3560 ,
535 3475 825 3561 immitteretur,
843 3490 951 3545 certae
968 3476 1102 3561 morti,
1117 3490 1160 3546 ut
1175 3477 1241 3561 ait,

228 3589 463 3690 praeferendo
473 3593 662 3664 incertum
673 3592 884 3663 remedium
898 3619 907 3680 3
919 3593 985 3664 sed
999 3594 1122 3680 simul,
1136 3592 1242 3690 quod

227 3710 462 3796 dolendum,
499 3707 651 3781 difficile
678 3702 787 3780 adeo·
803 3724 839 3782 et
865 3711 1158 3811 periculosum,
1201 3725 1241 3782 ut

135 3838 138 3844 ’
226 3853 360 3900 omnes
376 3827 594 3924 intelligunt
618 3828 790 3924 quicum
811 3825 922 3899 obvia
949 3852 1079 3925 aspera
1105 3831 1242 3902 arteria

226 3946 353 4020 sedem
379 3960 600 4042 comparent
628 3945 767 4017 summi
790 3943 986 4044 oesophagi
1010 3940 1239 4044 profundam
