2580 4514
143 404 212 451 202
312 400 358 446 DE
384 396 530 447 sautans
554 399 597 445 BT
623 398 748 471 causts
772 397 983 446 MORBOBUM

144 515 260 586 adimi
280 528 425 612 posset;
446 514 525 611 ipsa
546 513 807 601 tamenssicut
824 512 873 585 ab
889 512 1130 612 Rnyschio,et
1175 531 1178 538 '

143 657 164 702 a
184 630 295 702 nobis
318 645 518 728 conspecta
539 647 613 717 est,
640 654 736 728 saepe
754 628 931 702 altissima
950 628 1075 701 morbi
1087 654 1130 701 se·

144 749 209 820 des
229 748 375 819 nullum
396 750 430 819 ei
446 748 632 819 curationi
651 747 778 819 locum
797 747 1043 845 relinqueret.
1063 749 1130 819 Nou
1176 830 1178 841 Ι

144 892 204 937 me
230 866 384 964 quidem
412 863 507 963 fugit
528 881 675 938 vetusta
700 866 764 936 illa
785 892 869 964 quae
891 867 993 938 inter
1009 869 1131 966 Hippo·

145 985 254 1055 cratis
262 983 379 1056 libros
388 982 663 1074 circumfertur,
674 983 938 1083 sententia(1):
953 989 1133 1058 rectumin·

145 1108 315 1172 testznum
339 1117 378 1172 et
404 1126 532 1174 secans
560 1116 597 1172 et
623 1127 811 1190 resecans,
842 1118 880 1174 et
896 1127 1078 1175 consuens
1106 1117 1133 1173 et

144 1246 271 1305 urens,
303 1236 341 1290 et
360 1222 634 1318 putrefacienn
660 1226 808 1292 etiamsi
824 1227 1047 1317 gravissima
1070 1221 1134 1294 huc

143 1363 217 1408 esse
243 1337 468 1422 videantur,
489 1337 593 1407 ,nz'lu'l
620 1338 769 1409 laeseris.
803 1338 875 1409 Sed
904 1363 1033 1436 neque
1056 1336 1132 1410 illud

142 1453 253 1552 fugit,
271 1454 345 1524 hoc
357 1454 526 1552 dogmaa
546 1456 780 1552 peritissimis
797 1444 986 1554 chirurgis
1001 1457 1051 1528 ad
1070 1479 1132 1526 ean

142 1569 258 1644 ferme
281 1573 448 1642 intestini
472 1588 616 1669 partem
645 1571 837 1660 referri‚a
864 1574 974 1670 cujus
994 1571 1133 1672 profun-

142 1690 249 1761 diore
262 1690 442 1761 incisione
456 1692 628 1788 plerique
646 1689 1078 1789 olim,nesphinctere1n
1089 1691 1134 1762 ani

141 1806 418 1895 discinderent,
453 1809 609 1906 ejusque
642 1809 681 1877 in
715 1823 942 1906 perpetuum
971 1808 1134 1881 tollerent

140 1925 215 1993 vim
236 1939 273 1996 et
285 1923 474 2014 officium,
497 1906 746 1997 abstinebant.
772 1926 896 2015 Quem’
910 1941 1060 1998 metum
1079 1922 1134 1997 nisi

107 2040 109 2045 ’
140 2042 301 2114 aliorum
331 2043 612 2116 observationes
642 2067 779 2141 magna
807 2069 852 2114 ex
885 2058 995 2140 parte
1028 2058 1134 2117 sustu*

139 2159 291 2250 lissent,
321 2187 470 2261 possem
504 2160 573 2233 tibi
600 2159 844 2250 confirmare,
876 2160 1066 2234 audivisse
1089 2183 1135 2232 me

139 2278 348 2350 Valsalvam
371 2304 458 2351 cum
480 2278 623 2350 diceret
647 2304 703 2369 se,
719 2279 891 2376 periculo
909 2275 1012 2353 facto
1029 2280 1075 2350 in
1093 2301 1135 2355 ct·

138 2396 268 2485 nibus,
284 2396 578 2495 deprehendisse
593 2396 848 2495 sphincterem
862 2395 990 2487 illum,
1008 2410 1135 2496 quanta

140 2531 282 2612 quanta
298 2531 396 2605 erat,
413 2514 660 2587 crassitudine
677 2514 899 2601 dissectum,
911 2515 1051 2588 iterum
1065 2535 1136 2591 suu

139 2658 381 2732 recuperasse
396 2634 512 2721 vires,
532 2656 676 2730 suoque
691 2657 867 2720 munere,
886 2635 1060 2730 quamvis
1071 2654 1136 2705 non

138 2754 187 2823 ita
210 2753 379 2824 valenter
405 2777 448 2823 ac
478 2766 606 2838 antea,
636 2746 810 2821 functuris
840 2774 940 2858 esse;
966 2751 1136 2850 idemque

137 2870 176 2940 in
190 2868 365 2959 homine,
384 2870 581 2943 occasione
595 2865 700 2958 data,
713 2867 1033 2942 animadvertisse.
1047 2869 1148 2960 Quin,

138 2989 249 3059 etiarn
274 2990 313 3058 in
346 2987 484 3059 scheda
506 2987 587 3083 ejus
612 2986 795 3083 quadam,
820 3002 907 3086 post
929 2985 970 3058 id
996 3002 1139 3086 tempus

138 3096 298 3204 scripta,
316 3105 394 3177 haec
414 3106 508 3204 legi,
525 3103 835 3202 personatum‘ab
856 3130 903 3175 eo
923 3127 1007 3175 esse
1022 3105 1138 3175 virum

136 3247 239 3294 anno
263 3223 367 3321 1708,
386 3222 447 3294 cui
457 3221 668 3311 abscessus
681 3238 719 3295 et
737 3222 829 3294 huic
839 3221 1047 3294 adveniens
1057 3245 1140 3320 gan·

136 3365 258 3438 grana
276 3355 421 3437 partem
437 3339 589 3411 alterius
609 3341 707 3411 natis
725 3353 938 3410 corroserat
959 3363 1052 3410 eum
1072 3341 1140 3411 'tota

137 3481 178 3528 ea
200 3455 427 3554 sphincteris
444 3457 620 3553 portione
644 3481 727 3554 quae
744 3455 798 3526 illi
808 3453 1089 3553 respondebat,
1104 3467 1140 3526 ut

136 3571 242 3646 faeces
261 3587 395 3670 praeter
417 3572 652 3646 voluntatem
672 3572 869 3646 redderet:
889 3571 996 3645 hunc
1015 3573 1137 3671 igitur,

175 3950 220 4027 (r)
240 3953 263 4006 1.
280 3951 316 4008 de
329 3952 540 4008 haemorrhoid.
554 3972 584 4008 n.
600 3971 625 4008 1.
