2580 4514
654 145 665 178 Ι

183 367 252 414 ma.
274 362 330 410 111.
358 362 405 408 nr
430 359 566 408 uoaats
584 358 757 421 vaurum,
784 358 892 405 nmsr.
912 361 1031 407 xxxva
1061 334 1131 410 383

133 493 280 554 tantum
300 479 341 547 in
358 473 432 545 hoc
446 498 600 572 quoque
616 472 811 543 collocare.
832 473 1048 570 Expeditius
1067 500 1132 546 au-

134 614 210 671 tem
239 619 319 667 esse
351 592 475 692 potuit
500 587 743 685 Lanzoni(1)
769 588 971 685 judicium,
1000 593 1066 688 qui
1093 595 1133 664 in

134 713 242 786 fibro
272 710 427 782 ferrario
453 732 572 779 annos
597 721 689 777 nato
722 706 994 806 quinquaginta
1022 711 1133 806 quin-

134 856 233 930 que,
265 843 400 899 natura
433 824 709 897 melancholico
731 838 768 894 et
796 825 929 922 praevia
955 843 1135 923 quartana

134 947 240 1021 febre
256 959 425 1031 mortuo,
445 967 530 1014 cum
544 944 641 1013 inter
658 942 729 1012 alia
745 941 880 1012 durum
895 941 987 1014 adeo
998 943 1133 1017 lienem

132 1060 376 1147 offendisset,
392 1075 435 1130 ut
453 1059 573 1129 cultro
588 1083 667 1128 non
689 1047 858 1147 cederet,
879 1057 944 1130 sed
960 1059 1135 1132 malleolo

131 1201 351 1281 percussus,
371 1183 409 1246 in
427 1191 499 1247 tres
510 1175 803 1274 divisuspartes,
822 1182 878 1247 uti
890 1181 1137 1268 saaeumfran·

134 1311 285 1396 geretur
293 1323 306 1383 ;
324 1320 403 1365 non
418 1294 601 1364 dubitavit
615 1293 706 1389 quin
711 1295 962 1390 petrefltctum
974 1319 1139 1390 pronun-

131 1415 267 1489 ¹ciaret.

147 1574 151 1579 -
191 1530 249 1602 16.
269 1528 454 1626 Equidem
483 1550 578 1623 saepe
602 1541 711 1598 antea
734 1528 958 1625 inspectavi,
974 1545 1010 1600 et
1033 1555 1137 1602 nunc

137 1650 321 1735 maxime,
336 1645 414 1717 haec
433 1643 480 1714 ad
499 1657 535 1713 te
559 1644 751 1733 scribens,
778 1644 1034 1718 membranam
1060 1648 1137 1720 ins-

138 1780 253 1865 pecto
270 1778 433 1862 quatuor
452 1778 682 1833 transversos
699 1761 834 1860 digitos
851 1762 1021 1862 longam,
1042 1765 1137 1838 duos

133 1882 274 1966 latam,
293 1906 315 1951 a
340 1903 506 1951 convexa
525 1877 680 1950 humani
697 1880 805 1951 lienis
827 1877 939 1969 facie,
963 1906 1024 1953 me
1043 1908 1137 1981 prae-

140 2013 248 2075 ttnte
261 1997 497 2094 jubenteque
517 1996 729 2068 detractam.
749 2001 936 2070 Conversa
963 1999 1024 2069 illa
1039 2023 1139 2098 pene

130 2130 225 2189 ³tota
245 2114 396 2188 videtur
413 2117 453 2185 in
478 2113 610 2212 planas
630 2129 666 2186 et
684 2130 815 2187 tenues
837 2113 1026 2203 bracteas,
1048 2142 1142 2213 quas

142 2234 223 2307 sive
242 2230 292 2303 ab
308 2248 478 2319 externa,
497 2233 571 2303 sive
590 2230 638 2302 ab
651 2233 797 2303 interna
814 2231 904 2304 facie
917 2235 1143 2332 contemple-

142 2351 221 2438 ris,
243 2372 367 2422 osseas
395 2351 553 2420 omnino
573 2363 610 2421 et
628 2350 709 2422 sine
729 2351 803 2421 ulla
819 2350 1052 2423 dubitatione
1072 2368 1142 2424 sta-

143 2469 217 2543 tim
230 2482 419 2566 agnosces.
441 2467 512 2539 Sed
524 2469 624 2538 inter
637 2467 737 2554 illas,
762 2469 853 2539 etin
872 2484 976 2566 parte
995 2469 1143 2558 estillic,
1178 2506 1181 2511 ’

144 2584 344 2659 tttber'ctda
370 2600 591 2656 excrescunt
612 2585 766 2683 parvula
785 2586 965 2674 exterius,
989 2588 1145 2685 interius

144 2717 276 2777 autem
290 2702 431 2799 majora
445 2701 692 2790 incumbunt,
711 2699 907 2798 superficie
923 2703 1096 2799 inaequali
1111 2717 1147 2774 et

146 2842 424 2919 granosa,quae
443 2819 541 2900 intra
566 2818 674 2890 lienis
698 2816 939 2888 substantiam
966 2818 1012 2887 ad
1039 2819 1148 2889 semi-

148 2934 261 3034 digiti
288 2935 525 3007 altitudinem
552 2959 590 3007 se
615 2933 887 3006 immittebant:
906 2933 1059 3032 haecque
1088 2961 1148 3007 ex·

149 3054 366 3127 crescentiae
405 3051 576 3150 quaedam
610 3051 786 3123 videntur
817 3053 922 3147 quasi
951 3077 995 3122 ex
1031 3049 1151 3124 effuso

150 3194 289 3260 succo,
305 3170 430 3242 medio
449 3173 548 3243 inter
565 3195 710 3242 osseam
738 3184 774 3241 et
798 3169 1021 3242 calculosam
1044 3187 1151 3243 natu-

153 3313 237 3361 ram
259 3303 447 3360 concreto.
466 3289 582 3385 Cujus
603 3286 769 3385 ambigui
792 3289 938 3387 generis
957 3314 1090 3388 magna
1109 3316 1154 3362 ex

153 3420 264 3506 parte
285 3430 328 3477 ea
346 3405 439 3475 mihi
458 3405 605 3476 videtur
622 3404 846 3493 substantia,
875 3405 976 3476 unde
992 3405 1090 3495 lien,
1111 3433 1156 3478 ex

153 3521 343 3622 gymnasii
375 3527 514 3592 Musaeo
552 3521 786 3618 descriptus,
816 3521 995 3594 induruit.
1033 3524 1155 3613 Quem

200 3893 246 3970 (ι)
267 3893 341 3968 Eph.
356 3894 393 3949 N.
410 3895 441 3950 C.
458 3904 565 3968 cent.9
575 3935 584 3964 ,
600 3894 663 3951 obs.
678 3913 706 3964 7.
