2580 4514
144 381 209 433 uto.
231 387 290 435 111.
319 385 368 434 nn
392 384 529 434 uonms
550 384 721 455 vaurms,
746 386 857 434 rmsr.
879 385 1000 435 xxm.
1030 359 1100 454 adp

119 510 304 598 potestesse
313 500 475 572 locatum
484 553 493 585 ,
502 515 538 569 et
547 499 708 596 gravidis
722 515 831 572 attcto
841 514 948 572 utero
961 499 1101 570 ultimis

123 616 287 688 mensibus
299 631 508 688 transversa
537 617 597 687 illa
620 616 691 687 coli
718 642 805 714 pars
824 618 934 689 altior
953 632 1028 706 est,
1052 616 1101 687 si·

131 733 183 802 cuti
194 733 370 832 Spigelius
384 732 438 830 (t)
454 733 725 804 animadvertit.

168 853 190 936 l.
204 852 288 941 Quae
306 872 392 922 cum
414 851 464 920 ita
483 852 580 935 sint,
604 872 768 947 cumque
788 875 832 920 ex
853 848 912 921 his
931 850 1017 920 satis
1038 874 1102 946 ap·

135 982 229 1058 ptteat
260 967 507 1064 quamobrem
543 967 732 1038 dolorumv
754 966 893 1064 quibus
928 967 1104 1037 intestina

134 1092 344 1179 torquentur,
376 1084 656 1157 observationes
684 1110 761 1154 non
784 1085 833 1154 ita
855 1082 1044 1168 dividam,
1063 1096 1105 1152 ut

135 1194 246 1272 aliasad
261 1203 408 1296 iliacos,
426 1203 515 1273 alias
528 1201 573 1273 ad
592 1202 732 1273 colicos
745 1198 903 1273 referam
917 1227 927 1287 ;
946 1224 1019 1295 qua
1031 1220 1105 1268 ma*

133 1308 181 1382 lim
198 1317 368 1391 divisione
388 1320 442 1390 uti
460 1319 704 1390 indicandum
721 1334 785 1389 est.
812 1320 978 1388 Primum
991 1316 1106 1412 igitur

135 1449 179 1500 eas
193 1433 329 1508 alleram
347 1438 385 1506 iu
404 1435 543 1533 quibus
565 1435 716 1508 dolores
734 1450 840 1506 eraut
856 1462 876 1506 a
891 1420 1003 1506 *causa
1024 1458 1104 1504 non

134 1549 331 1624 extrinsecus
347 1553 503 1649 'quidem
524 1553 768 1635 adveniente,
796 1553 860 1624 sed
890 1567 1013 1622 tamen
1034 1548 1105 1621 sub

135 1664 233 1739 oculos
245 1670 401 1740 cadente
416 1697 426 1758 ;
446 1669 582 1741 deinde
597 1692 687 1756 vero
698 1669 778 1740 illas
791 1671 830 1738 in
844 1668 983 1767 quibus
995 1691 1107 1739 causa

135 1785 258 1857 omnino
281 1786 379 1857 intra
405 1811 545 1884 corpus
570 1779 717 1859 latebat.
738 1788 877 1859 Prioris
902 1802 1026 1858 autem
1045 1810 1106 1883 ge.-

134 1899 208 1972 teris
222 1903 285 1976 has
301 1904 394 1976 duas
409 1931 454 1976 ex
471 1905 639 1977 Valsalva
658 1907 794 2003 accipe

169 2010 194 2086 5
209 2023 271 2092 Vir
285 2020 532 2120 quadraginta
548 2047 667 2094 annos
680 2039 790 2095 natus
802 2014 1053 2120 ‚sanguineo-
1032 1983 1108 2093 ·bi-

132 2119 194 2206 llosi
209 2132 513 2238 temperamenti,
533 2143 599 2236 qui
623 2141 742 2213 levem
768 2138 973 2237 aliquando
986 2118 1059 2209 ad
1051 2165 1108 2210 m·

131 2251 219 2335 &tina
235 2257 406 2330 herniam
432 2257 665 2388 patiebatur,
692 2284 712 2330 a
735 2259 963 2330 carduorum
986 2281 1051 2328 esu
1069 2258 1109 2328 in

126 2351 248 2444 ilionam
269 2374 401 2446 incidit
420 2376 644 2473 passionem.
671 2378 778 2448 Levis
804 2377 958 2474 quidem
978 2373 1058 2445 ad
1050 2383 1112 2444 mi

120 2489 218 2575 guina
234 2509 390 2590 apparet
405 2508 553 2564 tumor:
572 2493 626 2564 ibi
642 2509 767 2565 tamen
783 2494 862 2565 ullo
880 2519 918 2566 se
937 2493 1109 2589 torqueri

119 2595 239 2681 dolore
259 2601 355 2707 aeger
373 2626 505 2709 negat3
532 2614 571 2681 iu
591 2627 721 2683 ventre
745 2609 881 2682 fatetur
909 2608 962 2681 ob·
978 2607 1108 2681 faecum

119 2728 356 2799 retentionem
392 2726 498 2800 valde
532 2729 718 2800 indurato.
756 2727 943 2800 Remediis
975 2727 1109 2810 irritis,

119 2841 166 2917 lie
186 2844 311 2916 morbi
326 2846 483 2943 septimo
504 2845 632 2917 lethali
648 2847 845 2918 vomitioni
861 2842 1083 2917 succumbit.

150 2965 296 3035 Ventre
309 2979 459 3061 aperto,
479 2965 654 3035 intestina
669 2988 753 3035 aere
768 2961 917 3060 turgida
935 2985 1112 3059 conspec·
1158 3007 1160 3011 .

119 3107 137 3153 a
159 3096 272 3168 sunt,
289 3080 389 3152 etad
406 3106 486 3152 eam
509 3097 654 3178 partem
674 3081 786 3152 livida
802 3104 845 3152 ac
862 3081 969 3177 nigra
988 3103 1062 3177 qua
1073 3105 1117 3152 se>

119 3196 208 3270 raud
223 3198 272 3268 ita
291 3198 426 3295 procul
443 3225 463 3268 a
483 3224 587 3270 coeco
605 3197 869 3298 duplicabant,
888 3212 925 3269 et
942 3221 1028 3268 cum
1044 3222 1113 3268 an·

119 3339 201 3387 nexa
227 3316 442 3386 mesenterii
459 3318 654 3413 portione,
675 3341 758 3412 quae
777 3318 885 3412 quasi
905 3330 1040 3386 carnea
1056 3315 1113 3384 vi·

119 3431 287 3521 rebatur,
304 3433 343 3501 in
361 3431 501 3504 hernia
517 3434 716 3506 sacculum·
729 3431 999 3521 immittebant5
1019 3432 1115 3528 digi-

119 3573 163 3621 οε
183 3562 350 3646 quatuor
363 3549 543 3650 longum,
565 3550 709 3624 orificio
735 3566 858 3621 autem
877 3550 1113 3646 augustiore,

119 3681 145 3737 u
163 3690 236 3764 per
250 3665 325 3736 hoc
341 3666 465 3738 redire
483 3683 559 3740 non
580 3684 733 3768 possent
757 3669 797 3738 in
820 3683 990 3737 ventrem
1013 3678 1116 3762 post-

142 3927 187 4008 (ι)
209 3931 244 3986 C.
268 3928 317 3984 cit.
