2580 4514
146 262 216 333 208
310 286 357 332 on
383 284 529 332 sununs
553 286 599 331 nr
622 284 748 333 causis
772 285 989 335 nonnouuu

144 398 282 487 fusius,
305 422 376 470 nec
394 397 469 471 ulla
487 398 699 496 putredinis
712 399 853 495 injecta
870 407 1134 488 mentionem>

145 518 231 588 dem
252 541 333 612 quae
361 516 476 614 paulo
497 530 583 587 ante
603 540 712 587 exeo
740 517 958 603 retulimus,
987 516 1132 589 declara*

144 649 257 704 verat.
285 635 474 723 Quantum
506 648 629 705 autem
651 657 705 705 ,eae
726 658 828 705 venae
852 657 892 706 se
913 632 1133 733 expandant,

145 752 184 821 in
203 752 285 821 viro
311 749 474 847 quodam
498 754 511 838 (
518 751 550 837 1)
579 749 826 823 animadverti
850 749 957 823 bono
985 750 1135 850 corporis

146 867 298 956 habitu,
325 868 424 964 etad
441 867 598 965 plenum
622 867 842 956 accedente,
860 893 976 965 quem
999 894 1047 942 ex
1070 866 1131 939 vul·

144 1011 236 1057 nere
265 985 334 1057 sub
361 978 470 1055 axilla
498 1000 690 1066 mortuum
717 986 894 1056 Bononiae
920 986 1028 1059 secui
1052 1007 1133 1057 anm

148 1103 251 1200 1706,
271 1103 366 1173 Huic
380 1116 588 1172 extremum
608 1102 848 1189 intestinum,
866 1101 973 1199 quod
999 1103 1136 1175 hamor-

144 1220 344 1293 rhoidibus
360 1219 566 1291 obnoxium
583 1216 695 1291 fuisse
710 1217 935 1318 apparebat,
952 1244 1044 1293 cum
1060 1233 1138 1293 esset

141 1339 244 1410 intus
269 1339 444 1431 varicosis
460 1360 641 1407 venarum
672 1336 782 1409 nodis
804 1337 1016 1435 inaeqnale3
1037 1338 1138 1433 majo·

144 1480 225 1525 rem
243 1480 288 1524 ex
302 1452 361 1525 his
380 1467 590 1553 perattente
614 1451 839 1550 inspiciens,
861 1455 1026 1527 miratus
1055 1479 1139 1540 sum,

145 1596 231 1642 cum
252 1573 339 1667 ,ipso
363 1572 526 1668 quinon
548 1567 698 1643 modico
720 1569 890 1668 alioquin
910 1570 1139 1645 distendeba-

143 1704 207 1758 tur
223 1688 414 1784 sanguinis
433 1711 588 1784 grumo,
609 1713 687 1758 non
716 1688 788 1759 nisi
820 1690 1044 1762 tenuissima
1069 1713 1138 1763 san·

144 1801 285 1901 guisern
304 1805 450 1876 vascula
469 1806 767 1891 communicare,
796 1819 839 1877 ut
856 1788 1015 1881 evidens
1039 1818 1137 1893 esset,

142 1923 305 2020 aliquam
325 1922 528 2020 perexilem
543 1947 678 1997 venam
697 1925 833 1995 ineam
850 1921 966 1997 fuisse
977 1924 1138 2023 amplitu-

144 2038 270 2110 dinem
300 2039 500 2110 dilatatam.

195 2182 248 2227 11.
276 2159 330 2227 Nc
360 2158 474 2253 igitur
500 2157 577 2231 haec
601 2159 839 2255 contingant,
863 2180 947 2255 quae
978 2173 1046 2235 aut
1070 2158 1135 2231 sine

141 2274 287 2346 acerbis
311 2274 552 2373 plerumque,
584 2290 621 2345 et
647 2277 850 2372 praesertim
866 2276 907 2347 in
932 2274 1134 2375 egerendo,

141 2391 368 2463 cruciatibus
393 2394 546 2465 minime
570 2389 654 2463 fieri
680 2407 812 2463 notum
832 2407 903 2479 est,
928 2395 959 2465 si
990 2392 1136 2491 quidem

140 2512 281 2591 varices
310 2511 370 2582 isti
389 2525 578 2608 turgeant,
605 2532 674 2579 nec
693 2526 947 2609 rumpantur:
975 2527 1042 2584 aut
1067 2512 1134 2583 sine

139 2626 325 2727 profluvio
360 2628 573 2725 sanguinis,
604 2629 635 2698 si
664 2642 912 2726 rumpantur,
937 2627 1136 2701 immodico

139 2746 347 2835 interdum,
370 2761 406 2817 et
420 2771 462 2816 ea
476 2759 560 2842 post
575 2769 613 2815 se
631 2746 869 2842 relinquente
880 2771 969 2842 quae·
984 2746 1136 2819 haemorv

138 2864 291 2937 rhoides
310 2888 388 2934 non
406 2886 635 2960 magnopere
653 2886 731 2934 esse
754 2860 958 2960 optandas,
977 2866 1067 2937 satis
1086 2888 1137 2937 su·

136 3007 280 3080 perque
303 2982 534 3067 docuerunt,
563 2981 729 3076 primum
761 2978 959 3076 plenitudo
995 2978 1138 3057 vitanda

136 3114 218 3172 est:
239 3124 363 3196 neque
385 3099 484 3169 enim
510 3113 552 3167 ut
566 3096 789 3169 mulieribus
802 3099 841 3168 in
855 3096 998 3194 quibus
1018 3121 1138 3173 neces·

136 3218 274 3288 sarium
301 3215 340 3286 id
357 3230 457 3302 erat,
475 3217 526 3285 ita
544 3216 637 3284 viris
653 3231 837 3313 apparatae
856 3216 904 3287 ab
922 3232 1059 3288 natura
1080 3218 1139 3289 vie

135 3351 237 3422 sunt,
260 3359 328 3432 per
345 3358 438 3431 quas
456 3348 670 3431 opportune
685 3335 836 3430 sanguis
852 3335 1065 3424 minuatum
1078 3330 1137 3409 sed

134 3449 306 3527 amorbo
318 3452 556 3549 aperiantur,
579 3464 728 3547 oportet
740 3465 851 3539 tunc,
868 3451 1136 3547 aliqnandost·

172 3816 219 3898 (ι)
238 3820 283 3877 De
296 3816 355 3875 hoc
369 3817 432 3876 vid.
443 3815 540 3893 Epist.
556 3821 611 3889 44,
625 3836 654 3874 n.
673 3835 719 3877 aa·
