2580 4514
114 423 183 471 Lm.
209 421 267 468 111.
295 419 835 484 uuuona1svuurn1s,ur1sr.
863 423 991 469 xxvm.
1026 424 1084 498 ιγ
1191 485 1195 494 ¹

69 537 98 608 si
108 549 152 606 ut
164 532 322 606 biduum
334 533 430 621 cibo,
441 535 493 618 sic
503 549 596 630 potu
607 524 760 630 qnoque
772 559 811 605 se
823 536 1068 608 abstinuisset.
1153 525 1155 527 ¹

71 658 252 726 Caeterum
263 649 378 722 breve
395 649 490 721 illud
502 651 614 721 Attici
628 649 797 722 levamen
813 676 905 723 num
917 648 1015 726 forte
1026 655 1073 727 sit
1178 698 1180 702 .
1230 666 1233 671 ’

70 769 356 866 exHippocratis
365 766 583 866 aphorismo
593 773 653 864 47,
664 782 750 840 sect.
765 768 1072 868 aexplicandum,
1133 801 1135 806 ·

71 887 175 985 quasi
190 909 264 983 pus
279 879 523 985 tune'confici
532 884 717 974 desiisset,
735 887 839 984 quod
846 913 919 986 per
931 887 1074 960 lumbos

31 1002 48 1071 f
72 1001 315 1102 postmodum
336 1007 473 1100 erupit,
498 1027 547 1073 an
565 1003 692 1101 potius
706 1002 972 1076 abstinentiae
987 1005 1084 1081 cibo·

39 1133 41 1136 ’
74 1122 115 1193 sit
140 1118 412 1208 tribuendum,
428 1118 584 1217 quando
604 1119 742 1192 Redius
761 1120 834 1217 (1)
853 1122 1076 1196 incredibile

74 1262 148 1310 esse
166 1233 351 1325 affirmat,
372 1257 484 1333 quam
497 1236 658 1334 pulchra
676 1238 920 1313 inveniantur
935 1242 1076 1313 viscera

76 1378 205 1426 eorum
229 1338 448 1424 animalium
477 1377 561 1450 quae
587 1350 704 1427 fames
734 1357 951 1443 extinxerit,
977 1355 1078 1427 arbi-

32 1528 34 1539 ,
75 1475 186 1565 trium
206 1487 317 1542 tuum
337 1486 428 1543 esto.
455 1474 532 1568 Ego
554 1470 656 1543 aliud
668 1466 756 1542 “tibi
783 1471 889 1543 Redii
915 1472 1076 1562 dictum,

77 1587 177 1687 quod
203 1586 252 1658 ad
276 1611 318 1658 ea
341 1589 523 1685 pertinet,
549 1611 632 1683 quae
659 1604 771 1685 supra
794 1589 834 1658 in
860 1587 1080 1684 hujusmodi

72 1703 405 1809 pbservationibus
422 1705 621 1802 requisivi,
641 1704 822 1777 ,valsalvae
836 1705 1003 1803 quodam
1021 1733 1081 1780 ex-

76 1812 287 1921 perimenlo
296 1819 542 1893 confirmabo.
556 1820 732 1908 Multum,
742 1820 881 1893 Redius
891 1822 1081 1920 inquit(2),

78 1939 193 2010 robur
217 1955 331 2035 atque
351 1953 436 2011 aetas
460 1952 620 2036 possunt
641 1939 681 2009 in
706 1936 932 2012 animalibus
953 1938 1000 2010 ad
1021 1937 1080 2011 -fa-

78 2081 172 2130 mem
200 2054 343 2128 diutius
375 2052 579 2127 ferendam.
609 2057 919 2154 Experimentum
954 2070 1081 2129 autem

80 2174 256 2247 Valsalvae
276 2199 319 2245 ea
340 2192 453 2272 quam
478 2173 733 2270 requirimus,
752 2171 944 2270 diligentia
963 2175 1081 2271 scrip-

79 2293 250 2380 tum,sic
265 2289 390 2362 habet.
523 2364 526 2370 ,

124 2408 157 2482 5.
180 2410 293 2482 Canis
312 2408 426 2509 paulo
445 2423 647 2509 postquam
664 2406 788 2480 editus
804 2404 983 2497 luerat,a
1005 2433 1082 2480 ma·

79 2527 193 2600 ternis
212 2524 397 2598 uberibus
421 2524 568 2599 ablatus
593 2539 667 2614 est,
695 2525 875 2621 omnique
903 2525 1081 2598 alimento

80 2643 303 2741 prohibitus.
317 2643 442 2714 Tertio
456 2642 588 2715 inediae
604 2641 663 2714 die
681 2641 906 2716 convulsivis
916 2642 1082 2716 motibus

80 2774 155 2833 toto
170 2784 334 2858 corpore
359 2761 497 2832 tentari
517 2761 631 2857 coepit
651 2756 768 2829 modo
791 2758 1083 2831 vehementiori·

78 2875 166 2968 bus,
193 2877 312 2949 modo
342 2875 628 2974 remissioribus.
661 2877 731 2948 Die
761 2890 897 2972 quarto
930 2877 1081 2972 interiit.

79 2999 217 3070 Ventre
247 3011 400 3093 apert0,
430 2993 594 3067 vesicula
621 2992 716 3066 fellis
743 2994 895 3065 inventa
923 3008 977 3066 est
1006 2995 1083 3068 bile

79 3113 286 3186 abundans.
313 3112 482 3187 Thorace
501 3111 669 3199 recluso,
687 3110 889 3208 pulmones
909 3112 948 3183 in
968 3112 1082 3186 latere

80 3229 231 3305 dextero
246 3231 449 3329 nigerrima
467 3228 631 3327 oblonga
648 3228 794 3300 macula
811 3229 937 3300 tincti:
958 3229 1082 3302 cordis
1150 3245 1153 3250 ’

81 3348 252 3422 auriculae
269 3349 432 3429 multum
459 3346 616 3419 dilatata
632 3362 665 3416 a‘
678 3360 858 3417 concreto
880 3347 1081 3445 sanguine:

81 3488 153 3562 quo
163 3480 202 3540 et
212 3466 413 3540 ventriculi
425 3481 532 3537 erant
543 3464 655 3562 pleni.
670 3463 742 3536 Sed
754 3464 794 3534 in
808 3461 1084 3561 omnibusquo·

122 3838 164 3916 (il
184 3843 304 3899 Osserv.
318 3842 376 3911 eit„

121 3939 162 4018 (a)
181 3941 258 4002 Ibid.

153 4065 186 4147 4.
