2580 4514
186 411 246 462 mr.
272 413 331 461 ιιι.
360 412 407 459 or
432 410 570 459 irorms
593 408 764 474 vrurms,
790 410 902 459 rrrsr.
928 410 1013 459 xxx.
1046 388 1113 463 113

135 531 258 603 interuae
274 529 316 599 in
334 525 495 598 mortuis
516 548 739 623 gangrorum,
765 522 913 622 aliaque
937 525 1115 609 ostende·

137 650 289 721 mutue
313 642 503 741 ejusmodi
525 657 651 714 autem
678 644 882 740 sanguine,
911 641 1114 715 humorem

98 772 101 779 '
138 764 269 862 nigrum,
280 774 556 861 quemveteres
568 774 689 835 atram
700 759 817 831 bilem
834 760 1038 850 vocabant,
1052 775 1118 834 aut

140 902 192 977 pre
211 881 349 955 ceteris
371 892 555 976 augente,
569 892 635 949 aut
655 878 694 948 iu
711 879 836 976 ipsum
862 875 1117 976 degenerante
1145 864 1154 914 Κ

140 994 232 1096 legere
243 998 387 1098 poteris
401 1020 486 1094 quae
494 995 703 1069 doctissimi
715 995 901 1068 Archiatri
914 995 991 1067 duo
1005 999 1120 1096 scrip-

142 1135 217 1206 sere,
237 1140 375 1214 nempe
397 1113 571 1187 laudatus
589 1112 808 1186 Schoberus
823 1113 910 1211 (1),
936 1128 973 1185 et
998 1115 1119 1186 multo

142 1224 230 1307 iuius
243 1260 287 1307 ac
312 1233 541 1305 luculentius
565 1232 724 1304 illustris
746 1232 1053 1330 Swieteuius-(o).
1074 1237 1123 1306 Et

143 1354 264 1425 romine
278 1368 391 1425 tenus
403 1349 451 1423 ab
465 1352 510 1423 iis
522 1348 676 1423 differre
692 1351 824 1423 credes
836 1348 1120 1441 Hoffmannum,

144 1470 358 1567 cuujuveuio
368 1469 416 1542 de
431 1493 510 1567 quo
525 1467 668 1540 dictum
684 1483 751 1558 est,
763 1482 800 1540 et
817 1493 906 1539 mox
917 1467 1120 1570 feminae(3)

143 1603 239 1657 catum
268 1587 615 1684 discretionemque
642 1601 784 1659 attente
810 1587 956 1684 legeris.
971 1638 975 1645 ψ
989 1589 1123 1687 Nigrae

145 1700 218 1775 enim
232 1707 431 1804 utriusque
445 1705 675 1776 vomitiones
690 1719 727 1776 et
739 1703 971 1801 dejectiones
983 1730 1029 1777 ex
1041 1730 1122 1784 sau-

144 1818 226 1912 gtt'uc
250 1823 429 1923 quidem,
458 1822 525 1897 sed
551 1823 706 1925 putrido
728 1819 921 1920 fetidoque
944 1822 1122 1916 deducit,

144 1938 349 2041 explicatque
361 1919 512 2038 juvenis
526 1941 699 2013 citiorem
714 1957 877 2012 mortem
892 1940 1024 2013 eodem
1039 1954 1122 2013 moi

143 2048 226 2131 douc
239 2085 373 2133 eorum
391 2064 460 2159 qui
473 2059 654 2159 sphacelo
664 2065 835 2158 partium
848 2075 993 2132 tantum
1005 2075 1124 2132 exter·

144 2190 248 2251 tarum
276 2179 519 2277 affluitatem
548 2174 698 2250 infectis
729 2179 830 2249 euim
861 2176 908 2249 ab
936 2178 1124 2274 ejusmodi

144 2297 293 2392 flumine
308 2294 458 2368 cerebri
472 2318 755 2393 nervorumque
771 2294 988 2394 spiritibus,
1002 2301 1125 2367 vitam

143 2423 201 2481 cttm
220 2415 511 2487 vutbusoubito
522 2412 701 2513 perdunt.
727 2417 774 2484 At
794 2414 825 2484 si
848 2415 932 2511 quis
955 2412 1069 2502 alius,
1094 2415 1125 2485 is

143 2542 218 2605 terte
238 2534 426 2631 pessimus
448 2548 487 2604 et
508 2533 764 2630 perniciosum
791 2556 1038 2630 quocumque
1058 2552 1125 2629 apa
1218 2619 1221 2623 .

143 2642 299 2735 pellemus
314 2644 492 2739 nomine,
506 2651 547 2721 in
563 2647 670 2722 fabro
687 2649 845 2739 humor,
859 2667 981 2722 autea
997 2651 1125 2748 potius

143 2750 322 2841 humorum
337 2769 495 2841 mistura
514 2766 603 2857 suit,
623 2784 660 2840 et
680 2793 767 2840 eum
785 2792 935 2840 veneno
955 2768 1125 2865 ingenito

144 2885 380 2984 comparanda.
408 2888 542 2984 Neque
571 2888 672 2957 euim
698 2887 822 2984 quivis
851 2888 959 2984 niger
990 2908 1127 2959 succus

143 3001 238 3077 tantos
250 3001 393 3076 inferre
409 3004 605 3077 stomacho
625 3006 813 3076 cruciatus
833 3019 974 3102 potest,
1002 3030 1127 3102 neque

142 3117 196 3190 tem
208 3121 389 3221 praecipiti
408 3121 513 3193 letho
530 3121 725 3220 abripere:
746 3122 851 3220 quod
867 3147 912 3193 ex
930 3125 1126 3220 superiore

143 3246 270 3339 quoque
287 3263 495 3338 cognosces
513 3239 749 3339 Sepulchreti
767 3242 934 3313 sectione
942 3244 1021 3330 Vll,
1039 3263 1127 3313 cum

145 3365 208 3440 Post
238 3357 411 3431 dolorem
435 3358 637 3430 ventriculi
665 3358 770 3431 hunc
802 3361 1000 3432 inventum
1026 3359 1127 3458 leges

140 3561 1123 3593 mm

168 3724 203 3809 (ι)
221 3733 360 3810 Append.
376 3734 428 3793 eit.
441 3754 468 3791 c.
484 3755 517 3807 ι,
533 3740 549 3806 5
563 3733 580 3792 5
595 3746 625 3793 et
634 3735 664 3793 6.

168 3839 203 3921 (ι)
222 3849 388 3907 Commeut.
402 3848 435 3905 iu
446 3845 552 3907 Boerh.
564 3852 668 3928 apher.
681 3856 707 3923 ς.
727 3871 798 3925 ιο9ι
816 3861 846 3906 et
857 3869 918 3926 seq.
931 3849 1052 3926 passim.

170 3954 204 4036 (³)
224 3965 257 4021 c.
271 3966 306 4038 ι,
319 3965 451 4025 uecors.
466 3966 495 4023 ι.

197 4064 228 4148 4·
579 4152 583 4159 ,
935 4065 956 4134 8
1040 4089 1044 4095 ,
