<?xml version="1.0" encoding="UTF-8"?>
<!DOCTYPE html PUBLIC "-//W3C//DTD XHTML 1.0 Transitional//EN"
    "http://www.w3.org/TR/xhtml1/DTD/xhtml1-transitional.dtd">
<html xmlns="http://www.w3.org/1999/xhtml" xml:lang="en" lang="en">
 <head>
  <title>
</title>
<meta http-equiv="Content-Type" content="text/html;charset=utf-8" />
  <meta name='ocr-system' content='tesseract 3.04.00' />
  <meta name='ocr-capabilities' content='ocr_page ocr_carea ocr_par ocr_line ocrx_word'/>
</head>
<body>
  <div class='ocr_page' id='page_1' title='image "./desedibusetcaus00adelgoog_0305.png"; bbox 0 0 2580 4514; ppageno 0'>
   <div class='ocr_carea' id='block_1_1' title="bbox 43 382 1122 3203">
    <p class='ocr_par' dir='ltr' id='par_1_1' title="bbox 111 382 945 482">
     <span class='ocr_line' id='line_1_1' title="bbox 111 382 945 482; baseline -0.007 -24"><span class='ocrx_word' id='word_1_1' title='bbox 111 382 191 482; x_wconf 26' lang='lat'>308·</span> <span class='ocrx_word' id='word_1_2' title='bbox 275 402 562 458; x_wconf 72' lang='lat' dir='ltr'><strong>tar-summisse</strong></span> <span class='ocrx_word' id='word_1_3' title='bbox 588 404 710 453; x_wconf 76' lang='lat' dir='ltr'><strong>caus1s</strong></span> <span class='ocrx_word' id='word_1_4' title='bbox 737 405 945 453; x_wconf 79' lang='lat' dir='ltr'><strong>raonnonuu</strong></span> 
     </span>
    </p>

    <p class='ocr_par' dir='ltr' id='par_1_2' title="bbox 43 519 1122 3203">
     <span class='ocr_line' id='line_1_2' title="bbox 110 519 1097 619; baseline -0.004 -25"><span class='ocrx_word' id='word_1_5' title='bbox 110 523 225 619; x_wconf 85' lang='lat' dir='ltr'><strong>signis</strong></span> <span class='ocrx_word' id='word_1_6' title='bbox 265 521 408 591; x_wconf 90' lang='lat' dir='ltr'><strong>mentio</strong></span> <span class='ocrx_word' id='word_1_7' title='bbox 446 521 631 615; x_wconf 81' lang='lat' dir='ltr'><strong>injicitur,</strong></span> <span class='ocrx_word' id='word_1_8' title='bbox 666 519 868 616; x_wconf 77' lang='lat' dir='ltr'>propositae</span> <span class='ocrx_word' id='word_1_9' title='bbox 904 520 944 589; x_wconf 91' lang='lat' dir='ltr'><strong>in</strong></span> <span class='ocrx_word' id='word_1_10' title='bbox 982 520 1097 592; x_wconf 90' lang='lat' dir='ltr'><strong>eodem</strong></span> 
     </span>
     <span class='ocr_line' id='line_1_3' title="bbox 51 635 1097 710; baseline -0.004 0"><span class='ocrx_word' id='word_1_11' title='bbox 51 687 53 692; x_wconf 91' lang='lat'><em>-</em></span> <span class='ocrx_word' id='word_1_12' title='bbox 108 640 222 710; x_wconf 90' lang='lat' dir='ltr'><strong>trium</strong></span> <span class='ocrx_word' id='word_1_13' title='bbox 249 639 471 710; x_wconf 88' lang='lat' dir='ltr'><strong>cadaverum</strong></span> <span class='ocrx_word' id='word_1_14' title='bbox 492 638 671 708; x_wconf 89' lang='lat' dir='ltr'><strong>intestino</strong></span> <span class='ocrx_word' id='word_1_15' title='bbox 707 662 751 707; x_wconf 84' lang='lat' dir='ltr'><strong>ex</strong></span> <span class='ocrx_word' id='word_1_16' title='bbox 782 635 1043 709; x_wconf 87' lang='lat' dir='ltr'><strong>observatione</strong></span> <span class='ocrx_word' id='word_1_17' title='bbox 1063 639 1097 708; x_wconf 87' lang='lat' dir='ltr'><strong>cl.</strong></span> 
     </span>
     <span class='ocr_line' id='line_1_4' title="bbox 109 754 1099 852; baseline -0.001 -27"><span class='ocrx_word' id='word_1_18' title='bbox 109 756 311 827; x_wconf 87' lang='lat' dir='ltr'><strong>Hommelii</strong></span> <span class='ocrx_word' id='word_1_19' title='bbox 330 755 400 852; x_wconf 82' lang='lat'>(1),</span> <span class='ocrx_word' id='word_1_20' title='bbox 431 769 468 825; x_wconf 92' lang='lat' dir='ltr'><strong>et</strong></span> <span class='ocrx_word' id='word_1_21' title='bbox 490 781 536 825; x_wconf 90' lang='lat' dir='ltr'><strong>ne</strong></span> <span class='ocrx_word' id='word_1_22' title='bbox 561 755 712 851; x_wconf 82' lang='lat' dir='ltr'>longior</span> <span class='ocrx_word' id='word_1_23' title='bbox 736 755 824 840; x_wconf 83' lang='lat' dir='ltr'><strong>sim,</strong></span> <span class='ocrx_word' id='word_1_24' title='bbox 851 754 984 850; x_wconf 89' lang='lat' dir='ltr'><strong>quales</strong></span> <span class='ocrx_word' id='word_1_25' title='bbox 1012 770 1099 826; x_wconf 91' lang='lat' dir='ltr'><strong>erant</strong></span> 
     </span>
     <span class='ocr_line' id='line_1_5' title="bbox 109 871 1099 969; baseline -0.003 -25"><span class='ocrx_word' id='word_1_26' title='bbox 109 889 209 946; x_wconf 88' lang='lat' dir='ltr'><strong>certe</strong></span> <span class='ocrx_word' id='word_1_27' title='bbox 227 899 309 969; x_wconf 86' lang='lat' dir='ltr'><strong>quae</strong></span> <span class='ocrx_word' id='word_1_28' title='bbox 322 873 450 969; x_wconf 92' lang='lat' dir='ltr'><strong>plures</strong></span> <span class='ocrx_word' id='word_1_29' title='bbox 463 875 616 943; x_wconf 87' lang='lat' dir='ltr'><strong>et&#39;varia</strong></span> <span class='ocrx_word' id='word_1_30' title='bbox 633 872 672 941; x_wconf 90' lang='lat' dir='ltr'><strong>in</strong></span> <span class='ocrx_word' id='word_1_31' title='bbox 691 872 798 960; x_wconf 91' lang='lat' dir='ltr'><strong>sede,</strong></span> <span class='ocrx_word' id='word_1_32' title='bbox 815 887 856 944; x_wconf 93' lang='lat' dir='ltr'><strong>ut</strong></span> <span class='ocrx_word' id='word_1_33' title='bbox 870 871 997 968; x_wconf 89' lang='lat' dir='ltr'><strong>aliqua</strong></span> <span class='ocrx_word' id='word_1_34' title='bbox 1007 874 1099 944; x_wconf 88' lang='lat' dir='ltr'><strong>etiam</strong></span> 
     </span>
     <span class='ocr_line' id='line_1_6' title="bbox 109 987 1099 1078; baseline -0.003 -16"><span class='ocrx_word' id='word_1_35' title='bbox 109 1016 154 1062; x_wconf 87' lang='lat' dir='ltr'><strong>ex</strong></span> <span class='ocrx_word' id='word_1_36' title='bbox 182 987 313 1060; x_wconf 89' lang='lat' dir='ltr'><strong>infimo</strong></span> <span class='ocrx_word' id='word_1_37' title='bbox 339 990 423 1061; x_wconf 92' lang='lat' dir='ltr'><strong>colo</strong></span> <span class='ocrx_word' id='word_1_38' title='bbox 439 991 477 1059; x_wconf 90' lang='lat' dir='ltr'><strong>iu</strong></span> <span class='ocrx_word' id='word_1_39' title='bbox 498 1014 645 1060; x_wconf 93' lang='lat' dir='ltr'><strong>summo</strong></span> <span class='ocrx_word' id='word_1_40' title='bbox 668 1004 763 1062; x_wconf 89' lang='lat' dir='ltr'><strong>esset</strong></span> <span class='ocrx_word' id='word_1_41' title='bbox 786 1004 890 1061; x_wconf 89' lang='lat' dir='ltr'><strong>recto</strong></span> <span class='ocrx_word' id='word_1_42' title='bbox 915 992 1099 1078; x_wconf 89' lang='lat' dir='ltr'><strong>intestino,</strong></span> 
     </span>
     <span class='ocr_line' id='line_1_7' title="bbox 108 1107 1122 1205; baseline -0.002 -26"><span class='ocrx_word' id='word_1_43' title='bbox 108 1134 128 1180; x_wconf 94' lang='lat' dir='ltr'><strong>a</strong></span> <span class='ocrx_word' id='word_1_44' title='bbox 148 1108 213 1178; x_wconf 89' lang='lat' dir='ltr'><strong>cel.</strong></span> <span class='ocrx_word' id='word_1_45' title='bbox 231 1108 401 1194; x_wconf 88' lang='lat' dir='ltr'><strong>Hallero,</strong></span> <span class='ocrx_word' id='word_1_46' title='bbox 420 1107 554 1177; x_wconf 90' lang='lat' dir='ltr'><strong>nonin</strong></span> <span class='ocrx_word' id='word_1_47' title='bbox 573 1111 704 1177; x_wconf 89' lang='lat' dir='ltr'><strong>Strena</strong></span> <span class='ocrx_word' id='word_1_48' title='bbox 726 1108 958 1196; x_wconf 88' lang='lat' dir='ltr'><strong>anatomiea,</strong></span> <span class='ocrx_word' id='word_1_49' title='bbox 976 1134 1023 1180; x_wconf 83' lang='lat' dir='ltr'><strong>ex</strong></span> <span class='ocrx_word' id='word_1_50' title='bbox 1041 1130 1100 1205; x_wconf 87' lang='lat' dir='ltr'><strong>qua</strong></span> <span class='ocrx_word' id='word_1_51' title='bbox 1121 1184 1122 1187; x_wconf 8' lang='grc' dir='ltr'><strong>Ἴ</strong></span> 
     </span>
     <span class='ocr_line' id='line_1_8' title="bbox 107 1222 1102 1322; baseline -0.001 -26"><span class='ocrx_word' id='word_1_52' title='bbox 107 1251 222 1296; x_wconf 86' lang='lat' dir='ltr'><strong>unam</strong></span> <span class='ocrx_word' id='word_1_53' title='bbox 241 1250 354 1322; x_wconf 91' lang='lat' dir='ltr'><strong>supra</strong></span> <span class='ocrx_word' id='word_1_54' title='bbox 371 1224 426 1320; x_wconf 84' lang='lat'><strong>(2)</strong></span> <span class='ocrx_word' id='word_1_55' title='bbox 439 1223 611 1311; x_wconf 86' lang='lat' dir='ltr'><strong>laudavi,</strong></span> <span class='ocrx_word' id='word_1_56' title='bbox 629 1222 695 1296; x_wconf 88' lang='lat' dir='ltr'><strong>sed</strong></span> <span class='ocrx_word' id='word_1_57' title='bbox 713 1226 753 1294; x_wconf 85' lang='lat' dir='ltr'><strong>in</strong></span> <span class='ocrx_word' id='word_1_58' title='bbox 767 1224 971 1322; x_wconf 85' lang='lat' dir='ltr'><strong>Opusculis</strong></span> <span class='ocrx_word' id='word_1_59' title='bbox 994 1239 1102 1298; x_wconf 82' lang='lat' dir='ltr'><strong>anato</strong></span> 
     </span>
     <span class='ocr_line' id='line_1_9' title="bbox 105 1342 1100 1439; baseline -0.002 -26"><span class='ocrx_word' id='word_1_60' title='bbox 105 1345 212 1416; x_wconf 86' lang='lat' dir='ltr'><strong>micis</strong></span> <span class='ocrx_word' id='word_1_61' title='bbox 237 1343 290 1438; x_wconf 83' lang='lat'><strong>(3)</strong></span> <span class='ocrx_word' id='word_1_62' title='bbox 316 1343 508 1439; x_wconf 70' lang='lat' dir='ltr'><strong>descriptae</strong></span> <span class='ocrx_word' id='word_1_63' title='bbox 530 1357 627 1413; x_wconf 91' lang='lat' dir='ltr'><strong>sunt.</strong></span> <span class='ocrx_word' id='word_1_64' title='bbox 651 1343 752 1431; x_wconf 90' lang='lat' dir='ltr'><strong>Quin</strong></span> <span class='ocrx_word' id='word_1_65' title='bbox 778 1343 889 1412; x_wconf 87' lang='lat' dir='ltr'><strong>etiam</strong></span> <span class='ocrx_word' id='word_1_66' title='bbox 918 1342 1100 1414; x_wconf 85' lang='lat' dir='ltr'><strong>nonnulle</strong></span> 
     </span>
     <span class='ocr_line' id='line_1_10' title="bbox 108 1456 1100 1557; baseline -0.002 -26"><span class='ocrx_word' id='word_1_67' title='bbox 108 1476 317 1532; x_wconf 90' lang='lat' dir='ltr'><strong>occurrunt</strong></span> <span class='ocrx_word' id='word_1_68' title='bbox 336 1485 415 1530; x_wconf 90' lang='lat' dir='ltr'><strong>non</strong></span> <span class='ocrx_word' id='word_1_69' title='bbox 433 1483 536 1556; x_wconf 86' lang='lat' dir='ltr'><strong>aeque</strong></span> <span class='ocrx_word' id='word_1_70' title='bbox 562 1456 677 1530; x_wconf 83' lang='lat' dir='ltr'><strong>facilis</strong></span> <span class='ocrx_word' id='word_1_71' title='bbox 696 1459 944 1548; x_wconf 88' lang='lat' dir='ltr'><strong>evolutionis,</strong></span> <span class='ocrx_word' id='word_1_72' title='bbox 972 1477 1016 1532; x_wconf 91' lang='lat' dir='ltr'><strong>ut</strong></span> <span class='ocrx_word' id='word_1_73' title='bbox 1035 1485 1100 1557; x_wconf 84' lang='lat' dir='ltr'><strong>que</strong></span> 
     </span>
     <span class='ocr_line' id='line_1_11' title="bbox 108 1564 1100 1676; baseline -0.002 -26"><span class='ocrx_word' id='word_1_74' title='bbox 108 1604 128 1650; x_wconf 93' lang='lat' dir='ltr'><strong>a</strong></span> <span class='ocrx_word' id='word_1_75' title='bbox 148 1580 193 1650; x_wconf 88' lang='lat' dir='ltr'><strong>cl.</strong></span> <span class='ocrx_word' id='word_1_76' title='bbox 222 1584 277 1647; x_wconf 87' lang='lat' dir='ltr'><strong>Jo.</strong></span> <span class='ocrx_word' id='word_1_77' title='bbox 306 1576 400 1646; x_wconf 86' lang='lat' dir='ltr'><strong>Phil.</strong></span> <span class='ocrx_word' id='word_1_78' title='bbox 424 1581 628 1673; x_wconf 86' lang='lat' dir='ltr'><strong>Burgravio</strong></span> <span class='ocrx_word' id='word_1_79' title='bbox 648 1575 703 1674; x_wconf 63' lang='lat' dir='ltr'><strong>(A)</strong></span> <span class='ocrx_word' id='word_1_80' title='bbox 722 1583 813 1646; x_wconf 82' lang='lat' dir='ltr'><strong>satis</strong></span> <span class='ocrx_word' id='word_1_81' title='bbox 839 1575 951 1647; x_wconf 76' lang='lat' dir='ltr'><strong>arcta&#39;</strong></span> <span class='ocrx_word' id='word_1_82' title='bbox 967 1564 1100 1676; x_wconf 86' lang='lat' dir='ltr'><strong>reperta</strong></span> 
     </span>
     <span class='ocr_line' id='line_1_12' title="bbox 109 1694 1100 1796; baseline -0.003 -29"><span class='ocrx_word' id='word_1_83' title='bbox 109 1710 182 1781; x_wconf 83' lang='lat' dir='ltr'><strong>est,</strong></span> <span class='ocrx_word' id='word_1_84' title='bbox 219 1694 325 1764; x_wconf 91' lang='lat' dir='ltr'><strong>nullo</strong></span> <span class='ocrx_word' id='word_1_85' title='bbox 362 1709 509 1783; x_wconf 91' lang='lat' dir='ltr'><strong>tamen,</strong></span> <span class='ocrx_word' id='word_1_86' title='bbox 543 1694 646 1790; x_wconf 92' lang='lat' dir='ltr'><strong>quod</strong></span> <span class='ocrx_word' id='word_1_87' title='bbox 677 1709 877 1796; x_wconf 82' lang='lat' dir='ltr'><strong>memoret,</strong></span> <span class='ocrx_word' id='word_1_88' title='bbox 907 1696 1100 1791; x_wconf 87' lang='lat' dir='ltr'><strong>conjuncto</strong></span> 
     </span>
     <span class='ocr_line' id='line_1_13' title="bbox 109 1800 1100 1911; baseline -0.005 -26"><span class='ocrx_word' id='word_1_89' title='bbox 109 1817 216 1911; x_wconf 83' lang='lat' dir='ltr'><strong>signo</strong></span> <span class='ocrx_word' id='word_1_90' title='bbox 237 1812 350 1882; x_wconf 87' lang='lat' dir='ltr'><strong>iliacae</strong></span> <span class='ocrx_word' id='word_1_91' title='bbox 370 1812 576 1908; x_wconf 80' lang='lat' dir='ltr'>passionis,</span> <span class='ocrx_word' id='word_1_92' title='bbox 596 1838 643 1882; x_wconf 87' lang='lat' dir='ltr'><strong>an</strong></span> <span class='ocrx_word' id='word_1_93' title='bbox 662 1811 766 1909; x_wconf 88' lang='lat' dir='ltr'><strong>quod</strong></span> <span class='ocrx_word' id='word_1_94' title='bbox 784 1800 888 1883; x_wconf 66' lang='lat' dir='ltr'><strong>nussa</strong></span> <span class='ocrx_word' id='word_1_95' title='bbox 907 1826 1100 1886; x_wconf 75' lang='lat' dir='ltr'><strong>accesserat</strong></span> 
     </span>
     <span class='ocr_line' id='line_1_14' title="bbox 107 1928 1098 2027; baseline -0.001 -28"><span class='ocrx_word' id='word_1_96' title='bbox 107 1928 351 1999; x_wconf 85' lang='lat' dir='ltr'><strong>inflammatio</strong></span> <span class='ocrx_word' id='word_1_97' title='bbox 371 1930 385 1998; x_wconf 73' lang='grc' dir='ltr'><em>Ρ</em></span> <span class='ocrx_word' id='word_1_98' title='bbox 407 1953 624 2025; x_wconf 85' lang='lat' dir='ltr'><strong>quanquam</strong></span> <span class='ocrx_word' id='word_1_99' title='bbox 645 1929 723 2000; x_wconf 88' lang='lat' dir='ltr'><strong>haec</strong></span> <span class='ocrx_word' id='word_1_100' title='bbox 739 1954 867 2027; x_wconf 87' lang='lat' dir='ltr'><strong>neque</strong></span> <span class='ocrx_word' id='word_1_101' title='bbox 886 1930 936 2001; x_wconf 88' lang='lat' dir='ltr'><strong>ad</strong></span> <span class='ocrx_word' id='word_1_102' title='bbox 958 1931 1098 2002; x_wconf 83' lang='lat' dir='ltr'><strong>alteram</strong></span> 
     </span>
     <span class='ocr_line' id='line_1_15' title="bbox 109 2047 1097 2145; baseline 0.001 -28"><span class='ocrx_word' id='word_1_103' title='bbox 109 2063 313 2120; x_wconf 79' lang='lat' dir='ltr'><strong>accesserat</strong></span> <span class='ocrx_word' id='word_1_104' title='bbox 327 2047 378 2118; x_wconf 77' lang='lat' dir='ltr'><strong>‘ab</strong></span> <span class='ocrx_word' id='word_1_105' title='bbox 396 2048 529 2119; x_wconf 91' lang='lat' dir='ltr'><strong>eodem</strong></span> <span class='ocrx_word' id='word_1_106' title='bbox 545 2047 599 2144; x_wconf 83' lang='lat'><strong>(5)</strong></span> <span class='ocrx_word' id='word_1_107' title='bbox 619 2063 881 2145; x_wconf 83' lang='lat' dir='ltr'><strong>conspectam,</strong></span> <span class='ocrx_word' id='word_1_108' title='bbox 905 2063 944 2121; x_wconf 91' lang='lat' dir='ltr'><strong>et</strong></span> <span class='ocrx_word' id='word_1_109' title='bbox 962 2047 1097 2120; x_wconf 83' lang='lat' dir='ltr'><strong>fuerant</strong></span> 
     </span>
     <span class='ocr_line' id='line_1_16' title="bbox 107 2148 1100 2261; baseline 0.001 -26"><span class='ocrx_word' id='word_1_110' title='bbox 107 2181 232 2236; x_wconf 87' lang='lat' dir='ltr'><strong>tamen</strong></span> <span class='ocrx_word' id='word_1_111' title='bbox 255 2165 384 2235; x_wconf 88' lang='lat' dir='ltr'><strong>saltem</strong></span> <span class='ocrx_word' id='word_1_112' title='bbox 407 2148 577 2261; x_wconf 81' lang='lat' dir='ltr'><strong>quaedam</strong></span> <span class='ocrx_word' id='word_1_113' title='bbox 602 2166 782 2252; x_wconf 83' lang='lat' dir='ltr'><strong>tormina,</strong></span> <span class='ocrx_word' id='word_1_114' title='bbox 810 2179 846 2235; x_wconf 89' lang='lat' dir='ltr'><strong>et</strong></span> <span class='ocrx_word' id='word_1_115' title='bbox 872 2167 1038 2238; x_wconf 87' lang='lat' dir='ltr'><strong>vomitus</strong></span> <span class='ocrx_word' id='word_1_116' title='bbox 1060 2171 1100 2236; x_wconf 80' lang='lat' dir='ltr'><strong>re</strong></span> 
     </span>
     <span class='ocr_line' id='line_1_17' title="bbox 108 2281 1100 2381; baseline -0.001 -27"><span class='ocrx_word' id='word_1_117' title='bbox 108 2282 338 2368; x_wconf 86' lang='lat' dir='ltr'><strong>mediorum,</strong></span> <span class='ocrx_word' id='word_1_118' title='bbox 358 2309 424 2366; x_wconf 89' lang='lat' dir='ltr'><strong>an,</strong></span> <span class='ocrx_word' id='word_1_119' title='bbox 442 2283 547 2379; x_wconf 95' lang='lat' dir='ltr'><strong>quod</strong></span> <span class='ocrx_word' id='word_1_120' title='bbox 562 2283 681 2380; x_wconf 88' lang='lat' dir='ltr'><strong>duplo</strong></span> <span class='ocrx_word' id='word_1_121' title='bbox 700 2284 810 2354; x_wconf 90' lang='lat' dir='ltr'><strong>altius</strong></span> <span class='ocrx_word' id='word_1_122' title='bbox 836 2283 876 2352; x_wconf 90' lang='lat' dir='ltr'><strong>in</strong></span> <span class='ocrx_word' id='word_1_123' title='bbox 901 2281 974 2381; x_wconf 87' lang='lat' dir='ltr'><strong>hac</strong></span> <span class='ocrx_word' id='word_1_124' title='bbox 1000 2284 1100 2355; x_wconf 83' lang='lat' dir='ltr'><strong>altera</strong></span> 
     </span>
     <span class='ocr_line' id='line_1_18' title="bbox 43 2399 1099 2497; baseline -0.001 -25"><span class='ocrx_word' id='word_1_125' title='bbox 43 2419 45 2424; x_wconf 83' lang='lat'>&#39;</span> <span class='ocrx_word' id='word_1_126' title='bbox 109 2426 146 2472; x_wconf 86' lang='lat' dir='ltr'><strong>se</strong></span> <span class='ocrx_word' id='word_1_127' title='bbox 161 2426 200 2497; x_wconf 88' lang='lat' dir='ltr'><strong>se</strong></span> <span class='ocrx_word' id='word_1_128' title='bbox 211 2402 417 2471; x_wconf 85' lang='lat' dir='ltr'><strong>immiserat</strong></span> <span class='ocrx_word' id='word_1_129' title='bbox 429 2402 651 2472; x_wconf 85' lang='lat' dir='ltr'><strong>intestinum</strong></span> <span class='ocrx_word' id='word_1_130' title='bbox 668 2401 682 2470; x_wconf 66' lang='lat' dir='ltr'><strong>i</strong></span> <span class='ocrx_word' id='word_1_131' title='bbox 695 2399 766 2471; x_wconf 89' lang='lat' dir='ltr'><strong>Sed</strong></span> <span class='ocrx_word' id='word_1_132' title='bbox 781 2425 904 2497; x_wconf 87' lang='lat' dir='ltr'><strong>neque</strong></span> <span class='ocrx_word' id='word_1_133' title='bbox 922 2405 1099 2473; x_wconf 88' lang='lat' dir='ltr'><strong>Hartman·</strong></span> 
     </span>
     <span class='ocr_line' id='line_1_19' title="bbox 107 2506 1099 2616; baseline 0.001 -29"><span class='ocrx_word' id='word_1_134' title='bbox 107 2542 179 2588; x_wconf 91' lang='lat' dir='ltr'><strong>nus</strong></span> <span class='ocrx_word' id='word_1_135' title='bbox 190 2516 252 2614; x_wconf 72' lang='lat'><strong>(6)</strong></span> <span class='ocrx_word' id='word_1_136' title='bbox 274 2542 407 2616; x_wconf 93' lang='lat' dir='ltr'><strong>parum</strong></span> <span class='ocrx_word' id='word_1_137' title='bbox 428 2519 499 2589; x_wconf 88' lang='lat' dir='ltr'><strong>alte</strong></span> <span class='ocrx_word' id='word_1_138' title='bbox 518 2519 724 2606; x_wconf 85' lang='lat' dir='ltr'><strong>intrusum,</strong></span> <span class='ocrx_word' id='word_1_139' title='bbox 741 2517 858 2615; x_wconf 91' lang='lat' dir='ltr'><strong>idque</strong></span> <span class='ocrx_word' id='word_1_140' title='bbox 876 2506 1000 2591; x_wconf 87' lang='lat' dir='ltr'><strong>tribus</strong></span> <span class='ocrx_word' id='word_1_141' title='bbox 1023 2520 1099 2590; x_wconf 92' lang='lat' dir='ltr'><strong>locis</strong></span> 
     </span>
     <span class='ocr_line' id='line_1_20' title="bbox 107 2635 1098 2734; baseline 0.001 -30"><span class='ocrx_word' id='word_1_142' title='bbox 107 2637 325 2708; x_wconf 89' lang='lat' dir='ltr'><strong>intestinum</strong></span> <span class='ocrx_word' id='word_1_143' title='bbox 342 2635 626 2734; x_wconf 67' lang='lat' dir='ltr'><strong>deprehendit,</strong></span> <span class='ocrx_word' id='word_1_144' title='bbox 654 2662 778 2734; x_wconf 90' lang='lat' dir='ltr'><strong>neque</strong></span> <span class='ocrx_word' id='word_1_145' title='bbox 800 2662 845 2707; x_wconf 83' lang='lat' dir='ltr'><strong>ex</strong></span> <span class='ocrx_word' id='word_1_146' title='bbox 865 2637 910 2706; x_wconf 91' lang='lat' dir='ltr'><strong>iis</strong></span> <span class='ocrx_word' id='word_1_147' title='bbox 936 2638 1098 2709; x_wconf 89' lang='lat' dir='ltr'><strong>omnihus</strong></span> 
     </span>
     <span class='ocr_line' id='line_1_21' title="bbox 106 2744 1098 2851; baseline -0.002 -28"><span class='ocrx_word' id='word_1_148' title='bbox 106 2778 210 2851; x_wconf 90' lang='lat' dir='ltr'><strong>aeque</strong></span> <span class='ocrx_word' id='word_1_149' title='bbox 232 2754 338 2845; x_wconf 84' lang='lat' dir='ltr'><strong>facile</strong></span> <span class='ocrx_word' id='word_1_150' title='bbox 357 2744 620 2841; x_wconf 85' lang='lat' dir='ltr'><strong>educendum,</strong></span> <span class='ocrx_word' id='word_1_151' title='bbox 639 2755 730 2849; x_wconf 92' lang='lat' dir='ltr'><strong>quin</strong></span> <span class='ocrx_word' id='word_1_152' title='bbox 750 2752 803 2823; x_wconf 90' lang='lat' dir='ltr'><strong>ibi</strong></span> <span class='ocrx_word' id='word_1_153' title='bbox 818 2761 982 2825; x_wconf 77' lang='lat' dir='ltr'><strong>exterius</strong></span> <span class='ocrx_word' id='word_1_154' title='bbox 1004 2758 1098 2851; x_wconf 75' lang='lat' dir='ltr'><strong>turgi-</strong></span> 
     </span>
     <span class='ocr_line' id='line_1_22' title="bbox 106 2871 1098 2969; baseline 0.002 -29"><span class='ocrx_word' id='word_1_155' title='bbox 106 2871 235 2942; x_wconf 84' lang='lat' dir='ltr'><strong>dulum</strong></span> <span class='ocrx_word' id='word_1_156' title='bbox 254 2889 291 2943; x_wconf 85' lang='lat' dir='ltr'><strong>et</strong></span> <span class='ocrx_word' id='word_1_157' title='bbox 306 2871 650 2969; x_wconf 81' lang='lat' dir='ltr'><strong>sanguinolentum,</strong></span> <span class='ocrx_word' id='word_1_158' title='bbox 670 2888 747 2942; x_wconf 86' lang='lat' dir='ltr'><strong>tum</strong></span> <span class='ocrx_word' id='word_1_159' title='bbox 765 2879 839 2941; x_wconf 82' lang='lat' dir='ltr'><strong>oris</strong></span> <span class='ocrx_word' id='word_1_160' title='bbox 858 2877 979 2966; x_wconf 79' lang='lat' dir='ltr'><strong>etiam</strong></span> <span class='ocrx_word' id='word_1_161' title='bbox 992 2880 1031 2942; x_wconf 82' lang='lat' dir='ltr'><strong>in</strong></span> <span class='ocrx_word' id='word_1_162' title='bbox 1049 2896 1098 2942; x_wconf 78' lang='lat' dir='ltr'><strong>ea·</strong></span> 
     </span>
     <span class='ocr_line' id='line_1_23' title="bbox 105 2976 1097 3086; baseline 0 -30"><span class='ocrx_word' id='word_1_163' title='bbox 105 3003 225 3058; x_wconf 83' lang='lat' dir='ltr'><strong>tracto</strong></span> <span class='ocrx_word' id='word_1_164' title='bbox 244 2991 419 3086; x_wconf 87' lang='lat' dir='ltr'><strong>portione</strong></span> <span class='ocrx_word' id='word_1_165' title='bbox 438 3005 612 3084; x_wconf 77' lang='lat' dir='ltr'><strong>naaneute</strong></span> <span class='ocrx_word' id='word_1_166' title='bbox 625 2976 780 3084; x_wconf 78' lang='lat' dir='ltr'><strong>uestigio</strong></span> <span class='ocrx_word' id='word_1_167' title='bbox 800 2988 1012 3077; x_wconf 84' lang='lat' dir='ltr'><strong>luculento,</strong></span> <span class='ocrx_word' id='word_1_168' title='bbox 1041 3010 1097 3059; x_wconf 89' lang='lat' dir='ltr'><strong>nec</strong></span> 
     </span>
     <span class='ocr_line' id='line_1_24' title="bbox 101 3105 1093 3203; baseline -0.002 -28"><span class='ocrx_word' id='word_1_169' title='bbox 101 3105 309 3177; x_wconf 89' lang='lat' dir='ltr'><strong>lumbricus</strong></span> <span class='ocrx_word' id='word_1_170' title='bbox 336 3105 464 3177; x_wconf 86' lang='lat' dir='ltr'><strong>deerat</strong></span> <span class='ocrx_word' id='word_1_171' title='bbox 484 3106 696 3203; x_wconf 86' lang='lat' dir='ltr'><strong>praelongus</strong></span> <span class='ocrx_word' id='word_1_172' title='bbox 715 3108 754 3175; x_wconf 90' lang='lat' dir='ltr'><strong>in</strong></span> <span class='ocrx_word' id='word_1_173' title='bbox 772 3105 907 3178; x_wconf 87' lang='lat' dir='ltr'><strong>iisdem</strong></span> <span class='ocrx_word' id='word_1_174' title='bbox 929 3105 1093 3178; x_wconf 86' lang='lat' dir='ltr'><strong>tenuibus</strong></span> 
     </span>
    </p>
   </div>
   <div class='ocr_carea' id='block_1_2' title="bbox 148 3756 861 4034">
    <p class='ocr_par' dir='ltr' id='par_1_3' title="bbox 148 3756 861 4034">
     <span class='ocr_line' id='line_1_25' title="bbox 202 3756 626 3828; baseline -0.002 -17"><span class='ocrx_word' id='word_1_175' title='bbox 202 3760 269 3811; x_wconf 87' lang='lat' dir='ltr'><strong>Act.</strong></span> <span class='ocrx_word' id='word_1_176' title='bbox 282 3758 320 3812; x_wconf 92' lang='lat' dir='ltr'><strong>N.</strong></span> <span class='ocrx_word' id='word_1_177' title='bbox 335 3759 367 3813; x_wconf 90' lang='lat' dir='ltr'><strong>C.</strong></span> <span class='ocrx_word' id='word_1_178' title='bbox 383 3768 455 3813; x_wconf 89' lang='lat' dir='ltr'><strong>tom.</strong></span> <span class='ocrx_word' id='word_1_179' title='bbox 469 3777 503 3828; x_wconf 87' lang='lat'><strong>7,</strong></span> <span class='ocrx_word' id='word_1_180' title='bbox 521 3756 584 3813; x_wconf 87' lang='lat' dir='ltr'><strong>obs.</strong></span> <span class='ocrx_word' id='word_1_181' title='bbox 600 3756 626 3812; x_wconf 81' lang='lat'><strong>3.</strong></span> 
     </span>
     <span class='ocr_line' id='line_1_26' title="bbox 202 3856 606 3922; baseline 0 -10"><span class='ocrx_word' id='word_1_182' title='bbox 202 3857 344 3912; x_wconf 89' lang='lat' dir='ltr'><strong>Eorumd.</strong></span> <span class='ocrx_word' id='word_1_183' title='bbox 360 3868 382 3911; x_wconf 90' lang='lat' dir='ltr'><strong>t.</strong></span> <span class='ocrx_word' id='word_1_184' title='bbox 402 3856 431 3922; x_wconf 85' lang='lat'><strong>5,</strong></span> <span class='ocrx_word' id='word_1_185' title='bbox 452 3857 516 3912; x_wconf 87' lang='lat' dir='ltr'><strong>obs.</strong></span> <span class='ocrx_word' id='word_1_186' title='bbox 531 3857 579 3912; x_wconf 83' lang='lat'><strong>80.</strong></span> <span class='ocrx_word' id='word_1_187' title='bbox 604 3884 606 3888; x_wconf 53' lang='lat'>&gt;</span> 
     </span>
     <span class='ocr_line' id='line_1_27' title="bbox 148 3954 861 4034; baseline 0 -24"><span class='ocrx_word' id='word_1_188' title='bbox 148 3956 177 4034; x_wconf 73' lang='lat'><strong>6)</strong></span> <span class='ocrx_word' id='word_1_189' title='bbox 200 3958 275 4032; x_wconf 84' lang='lat' dir='ltr'>Eph.</span> <span class='ocrx_word' id='word_1_190' title='bbox 292 3957 330 4013; x_wconf 85' lang='lat' dir='ltr'><strong>N.</strong></span> <span class='ocrx_word' id='word_1_191' title='bbox 345 3959 378 4014; x_wconf 63' lang='lat' dir='ltr'><strong>Ca</strong></span> <span class='ocrx_word' id='word_1_192' title='bbox 398 3956 468 4015; x_wconf 65' lang='lat' dir='ltr'><strong>dec-¹</strong></span> <span class='ocrx_word' id='word_1_193' title='bbox 479 3957 510 4028; x_wconf 80' lang='lat'><strong>3,</strong></span> <span class='ocrx_word' id='word_1_194' title='bbox 527 3959 562 4016; x_wconf 84' lang='lat' dir='ltr'><strong>A.</strong></span> <span class='ocrx_word' id='word_1_195' title='bbox 581 3954 642 4014; x_wconf 85' lang='lat' dir='ltr'><strong>5et</strong></span> <span class='ocrx_word' id='word_1_196' title='bbox 655 3954 694 4023; x_wconf 81' lang='lat'><strong>6,</strong></span> <span class='ocrx_word' id='word_1_197' title='bbox 711 3955 776 4011; x_wconf 87' lang='lat' dir='ltr'><strong>obs.</strong></span> <span class='ocrx_word' id='word_1_198' title='bbox 793 3973 861 4026; x_wconf 79' lang='lat'><strong>207.</strong></span> 
     </span>
    </p>
   </div>
   <div class='ocr_carea' id='block_1_3' title="bbox 0 0 1294 4514">
    <p class='ocr_par' dir='ltr' id='par_1_4' title="bbox 0 0 1294 4514">
     <span class='ocr_line' id='line_1_28' title="bbox 0 0 1294 4514; baseline 0 0"><span class='ocrx_word' id='word_1_199' title='bbox 0 0 1294 4514; x_wconf 95' lang='lat' dir='ltr'><strong> </strong></span> 
     </span>
    </p>
   </div>
  </div>
 </body>
</html>
