2580 4514
194 345 265 390 nra.
293 344 348 391 111.
377 338 919 411 nauoaa1svaurars,rr1sr.
947 355 1043 399 xxxi.
1085 335 1152 431 175

136 486 186 534 ac
207 461 351 560 duplici
368 477 516 535 uretere
528 466 743 536 instructus.
759 466 894 535 Ureter
908 483 1032 540 autem
1051 471 1153 544 uter-

108 634 111 639 -
139 571 222 678 quc
243 579 290 651 ad
308 581 498 653 dexteram
517 579 723 653 tendebant
738 582 867 652 vesica
890 600 1045 680 partem.

197 700 255 770 26.
284 700 463 798 sepositis
480 699 523 769 iis
541 720 623 794 quae
640 723 660 768 a
678 697 896 794 primordiis
916 697 1027 774 fuisse
1040 707 1151 778 intel·

142 817 248 916 ligis,
283 817 332 888 ad
359 815 609 914 dysenteriam
634 818 767 888 attinet
798 819 1064 892 intestinorum
1094 827 1152 895 in-

143 933 361 1005 flammatio.
384 937 530 1004 Revoca
554 959 657 1003 nunc
676 934 724 1003 ad
741 936 977 1024 memoriam,
1004 955 1040 1010 et
1063 965 1150 1011 cum

143 1053 217 1125 hac
252 1051 534 1138 observatione,
563 1052 730 1150 aliisque
743 1053 931 1152 conjunge
963 1081 1077 1152 quarn
1107 1087 1152 1131 ex

143 1169 433 1244 Piccolhomino
449 1190 561 1268 supra
581 1170 636 1267 (1)
650 1171 841 1269 descripsi.
867 1177 910 1242 In
926 1199 967 1245 ea
987 1200 1150 1273 namque

144 1291 223 1364 sive
247 1287 397 1360 abrasio
413 1303 516 1360 tanta
537 1287 626 1376 fuit,
649 1315 731 1387 quae
750 1290 982 1362 observatori
1002 1294 1073 1390 ipsi
1092 1319 1152 1366 us·

142 1434 220 1507 que
241 1407 336 1480 adeo
363 1408 458 1478 mira
475 1409 552 1479 visa
582 1424 657 1496 est,
681 1409 757 1479 sive
783 1411 909 1506 potius
929 1436 1016 1481 curn
1044 1412 1152 1484 abra·

143 1528 394 1617 sione,sivis,
413 1551 492 1597 non
510 1525 673 1613 modica,
695 1525 940 1598 inflammatio
952 1529 1153 1624 ejusmodi.

143 1660 189 1718 ut
213 1643 536 1742 quemadmodum
556 1645 595 1713 in
622 1644 784 1715 Ortlobii
804 1645 959 1717 canibus
976 1647 1051 1743 (2),
1074 1664 1151 1721 tota

143 1762 412 1836 intestinorum
430 1763 556 1833 tunica
577 1761 737 1846 multum
765 1762 932 1853 ruberet,
955 1781 1054 1837 certe
1072 1746 1151 1839 Picss

140 1880 387 1953 colhominus
422 1904 576 1978 quoque
617 1878 951 1951 inflammationem
987 1886 1148 1980 agnovit.

141 2004 241 2073 Cum
258 2015 385 2071 autem
402 1998 479 2071 hacc
499 2024 577 2071 esse
599 2022 678 2069 non
706 2000 823 2096 possit
847 2000 940 2097 quin
960 2003 1151 2098 sanguinis

143 2118 324 2190 transitus
347 2140 417 2214 per
438 2115 524 2188 illos
541 2140 643 2187 venae
665 2131 860 2215 portarum
880 2141 1005 2189 ramos
1033 2120 1153 2216 impe-

140 2236 247 2309 ditus
255 2233 504 2332 intelligatur3
519 2233 612 2330 quid
623 2234 712 2304 hino
724 2236 906 2331 consequi
919 2260 1029 2332 posse
1049 2235 1151 2308 dixe-

141 2356 265 2425 rimus
289 2352 361 2449 (3),
384 2353 413 2424 si
433 2350 576 2449 aliquid
602 2351 703 2422 aliud
728 2351 899 2441 accedat,
925 2355 1001 2449 jam
1030 2355 1151 2442 nosti,
1180 2349 1183 2354 Δ

141 2471 204 2544 vel
214 2471 320 2568 prius
330 2494 444 2567 quam
459 2470 651 2558 intestina,
665 2472 809 2568 impetu
823 2472 1014 2568 sanguinis
1027 2472 1152 2544 adhuc

141 2589 389 2688 persistente,
418 2611 573 2689 vergere
597 2587 780 2684 incipiant
810 2590 849 2657 iu
872 2612 1152 2686 gangrenosam

143 2705 346 2781 laxitatem.
386 2705 445 2774 Sic
476 2707 693 2775 Brunnerus
727 2704 781 2800 (4)
810 2705 848 2773 in
881 2705 999 2775 milite
1037 2731 1152 2802 quem

141 2820 335 2894 diarrhoea
359 2820 595 2892 laborantem
615 2823 924 2918 supervenientes
949 2824 1152 2894 saevissimae

142 2941 412 3012 convulsiones
429 2937 665 3026 occiderant,
685 2940 793 3011 simul
812 2964 879 3037 per
898 2955 1019 3010 totum
1038 2941 1153 3019 intes-

142 3061 332 3146 tinorum,
346 3059 517 3129 tenuium
533 3059 755 3154 prasertim,
771 3072 951 3146 tractum,
966 3059 1152 3156 insignem

141 3200 218 3276 qua
243 3200 315 3247 nec
334 3175 567 3247 ventriculus
596 3173 766 3260 carebat,
793 3174 1153 3266 inflammationem,

142 3294 258 3368 simul
280 3295 319 3365 iu
336 3294 410 3392 hoc
432 3317 585 3393 grumos
606 3293 812 3390 sanguinis,
837 3296 876 3363 in
905 3296 978 3367 illis
997 3282 1151 3366 muciam
