<?xml version="1.0" encoding="UTF-8"?>
<!DOCTYPE html PUBLIC "-//W3C//DTD XHTML 1.0 Transitional//EN"
    "http://www.w3.org/TR/xhtml1/DTD/xhtml1-transitional.dtd">
<html xmlns="http://www.w3.org/1999/xhtml" xml:lang="en" lang="en">
 <head>
  <title>
</title>
<meta http-equiv="Content-Type" content="text/html;charset=utf-8" />
  <meta name='ocr-system' content='tesseract 3.04.00' />
  <meta name='ocr-capabilities' content='ocr_page ocr_carea ocr_par ocr_line ocrx_word'/>
</head>
<body>
  <div class='ocr_page' id='page_1' title='image "./desedibusetcaus00adelgoog_0273.png"; bbox 0 0 2580 4514; ppageno 0'>
   <div class='ocr_carea' id='block_1_1' title="bbox 142 368 974 448">
    <p class='ocr_par' dir='ltr' id='par_1_1' title="bbox 142 368 974 448">
     <span class='ocr_line' id='line_1_1' title="bbox 142 368 974 448; baseline -0.004 -25"><span class='ocrx_word' id='word_1_1' title='bbox 142 376 212 448; x_wconf 70' lang='lat'><strong>272</strong></span> <span class='ocrx_word' id='word_1_2' title='bbox 305 371 352 417; x_wconf 89' lang='lat' dir='ltr'><strong>DE</strong></span> <span class='ocrx_word' id='word_1_3' title='bbox 378 370 522 418; x_wconf 80' lang='lat' dir='ltr'><strong>SEDlBUS</strong></span> <span class='ocrx_word' id='word_1_4' title='bbox 547 370 590 416; x_wconf 79' lang='grc' dir='ltr'><strong>ΕΤ</strong></span> <span class='ocrx_word' id='word_1_5' title='bbox 616 368 739 416; x_wconf 77' lang='lat' dir='ltr'>CAUSIS</span> <span class='ocrx_word' id='word_1_6' title='bbox 764 369 974 421; x_wconf 71' lang='lat' dir='ltr'><strong>MORBORUH</strong></span> 
     </span>
    </p>
   </div>
   <div class='ocr_carea' id='block_1_2' title="bbox 141 482 1107 586">
    <p class='ocr_par' dir='ltr' id='par_1_2' title="bbox 141 482 1107 586">
     <span class='ocr_line' id='line_1_2' title="bbox 141 482 1107 586; baseline 0 -27"><span class='ocrx_word' id='word_1_7' title='bbox 141 486 278 586; x_wconf 89' lang='lat' dir='ltr'><strong>ipsein</strong></span> <span class='ocrx_word' id='word_1_8' title='bbox 303 483 424 554; x_wconf 90' lang='lat' dir='ltr'><strong>nobili</strong></span> <span class='ocrx_word' id='word_1_9' title='bbox 444 482 580 553; x_wconf 80' lang='lat' dir='ltr'><strong>l&#39;enriua</strong></span> <span class='ocrx_word' id='word_1_10' title='bbox 601 482 689 554; x_wconf 88' lang='lat' dir='ltr'><strong>huic</strong></span> <span class='ocrx_word' id='word_1_11' title='bbox 707 497 843 556; x_wconf 69' lang='lat' dir='ltr'><strong>nostrae</strong></span> <span class='ocrx_word' id='word_1_12' title='bbox 863 485 1107 583; x_wconf 50' lang='lat' dir='ltr'><strong>similem,sitt⁴</strong></span> 
     </span>
    </p>
   </div>
   <div class='ocr_carea' id='block_1_3' title="bbox 140 600 1169 702">
    <p class='ocr_par' dir='ltr' id='par_1_3' title="bbox 140 600 1169 702">
     <span class='ocr_line' id='line_1_3' title="bbox 140 600 1169 702; baseline 0.002 -27"><span class='ocrx_word' id='word_1_13' title='bbox 140 604 179 675; x_wconf 91' lang='lat' dir='ltr'><strong>id</strong></span> <span class='ocrx_word' id='word_1_14' title='bbox 196 618 339 702; x_wconf 90' lang='lat' dir='ltr'><strong>spectes</strong></span> <span class='ocrx_word' id='word_1_15' title='bbox 360 600 514 699; x_wconf 86' lang='lat' dir='ltr'><strong>quadiu</strong></span> <span class='ocrx_word' id='word_1_16' title='bbox 538 614 686 671; x_wconf 82' lang='lat' dir='ltr'><strong>mortua</strong></span> <span class='ocrx_word' id='word_1_17' title='bbox 707 601 871 672; x_wconf 86' lang='lat' dir='ltr'><strong>secando</strong></span> <span class='ocrx_word' id='word_1_18' title='bbox 884 603 1042 695; x_wconf 85' lang='lat' dir='ltr'><strong>invenit,</strong></span> <span class='ocrx_word' id='word_1_19' title='bbox 1055 605 1104 677; x_wconf 78' lang='lat' dir='ltr'><strong>siu</strong></span> <span class='ocrx_word' id='word_1_20' title='bbox 1164 666 1169 693; x_wconf 77' lang='lat'><strong>,</strong></span> 
     </span>
    </p>
   </div>
   <div class='ocr_carea' id='block_1_4' title="bbox 134 717 1141 3283">
    <p class='ocr_par' dir='ltr' id='par_1_4' title="bbox 142 717 1108 818">
     <span class='ocr_line' id='line_1_4' title="bbox 142 717 1108 818; baseline 0.001 -26"><span class='ocrx_word' id='word_1_21' title='bbox 142 720 343 818; x_wconf 85' lang='lat' dir='ltr'><strong>dejiciendi</strong></span> <span class='ocrx_word' id='word_1_22' title='bbox 361 717 572 790; x_wconf 78' lang='lat' dir='ltr'><strong>facultatem</strong></span> <span class='ocrx_word' id='word_1_23' title='bbox 599 720 775 815; x_wconf 28' lang='lat' dir='ltr'><strong>quanrflin</strong></span> <span class='ocrx_word' id='word_1_24' title='bbox 798 719 949 793; x_wconf 85' lang='lat' dir='ltr'><strong>vivente</strong></span> <span class='ocrx_word' id='word_1_25' title='bbox 969 721 1108 795; x_wconf 74' lang='lat' dir='ltr'><strong>observa·</strong></span> 
     </span>
    </p>

    <p class='ocr_par' dir='ltr' id='par_1_5' title="bbox 140 837 1113 917">
     <span class='ocr_line' id='line_1_5' title="bbox 140 837 1113 917; baseline 0.001 -3"><span class='ocrx_word' id='word_1_26' title='bbox 140 859 255 916; x_wconf 85' lang='lat' dir='ltr'><strong>verat.</strong></span> <span class='ocrx_word' id='word_1_27' title='bbox 275 842 386 914; x_wconf 83' lang='lat' dir='ltr'><strong>Sedes</strong></span> <span class='ocrx_word' id='word_1_28' title='bbox 405 841 583 912; x_wconf 83' lang='lat' dir='ltr'>duntaxat</span> <span class='ocrx_word' id='word_1_29' title='bbox 602 840 711 910; x_wconf 86' lang='lat' dir='ltr'><strong>altior</strong></span> <span class='ocrx_word' id='word_1_30' title='bbox 731 837 812 912; x_wconf 84' lang='lat' dir='ltr'><strong>fuit.</strong></span> <span class='ocrx_word' id='word_1_31' title='bbox 833 844 1062 917; x_wconf 87' lang='lat' dir='ltr'><strong>Memoratur</strong></span> <span class='ocrx_word' id='word_1_32' title='bbox 1080 842 1113 915; x_wconf 83' lang='lat' dir='ltr'><strong>al·</strong></span> 
     </span>
    </p>

    <p class='ocr_par' dir='ltr' id='par_1_6' title="bbox 139 957 1117 1063">
     <span class='ocr_line' id='line_1_6' title="bbox 139 957 1117 1063; baseline 0.003 -30"><span class='ocrx_word' id='word_1_33' title='bbox 139 977 220 1034; x_wconf 90' lang='lat' dir='ltr'><strong>tera</strong></span> <span class='ocrx_word' id='word_1_34' title='bbox 239 961 407 1058; x_wconf 82' lang='lat' dir='ltr'><strong>ejusdem</strong></span> <span class='ocrx_word' id='word_1_35' title='bbox 428 961 575 1057; x_wconf 85' lang='lat' dir='ltr'><strong>generis</strong></span> <span class='ocrx_word' id='word_1_36' title='bbox 591 958 689 1056; x_wconf 88' lang='lat' dir='ltr'><strong>apud</strong></span> <span class='ocrx_word' id='word_1_37' title='bbox 708 957 904 1032; x_wconf 84' lang='lat' dir='ltr'><strong>Palfiniurn</strong></span> <span class='ocrx_word' id='word_1_38' title='bbox 922 962 937 1048; x_wconf 85' lang='grc'>(</span> <span class='ocrx_word' id='word_1_39' title='bbox 944 960 998 1060; x_wconf 83' lang='grc' dir='ltr'><strong>ι),</strong></span> <span class='ocrx_word' id='word_1_40' title='bbox 1013 964 1117 1063; x_wconf 84' lang='lat' dir='ltr'><strong>quiis·</strong></span> 
     </span>
    </p>

    <p class='ocr_par' dir='ltr' id='par_1_7' title="bbox 134 1078 1141 3283">
     <span class='ocr_line' id='line_1_7' title="bbox 140 1078 1122 1176; baseline 0.002 -24"><span class='ocrx_word' id='word_1_41' title='bbox 140 1096 216 1152; x_wconf 89' lang='lat' dir='ltr'><strong>tam</strong></span> <span class='ocrx_word' id='word_1_42' title='bbox 228 1081 369 1167; x_wconf 87' lang='lat' dir='ltr'><strong>Littrii,</strong></span> <span class='ocrx_word' id='word_1_43' title='bbox 384 1080 488 1150; x_wconf 86' lang='lat' dir='ltr'><strong>istam</strong></span> <span class='ocrx_word' id='word_1_44' title='bbox 504 1132 514 1166; x_wconf 92' lang='lat'><strong>,</strong></span> <span class='ocrx_word' id='word_1_45' title='bbox 529 1078 682 1174; x_wconf 85' lang='lat' dir='ltr'><strong>inquam</strong></span> <span class='ocrx_word' id='word_1_46' title='bbox 694 1132 704 1165; x_wconf 89' lang='lat'><strong>,</strong></span> <span class='ocrx_word' id='word_1_47' title='bbox 717 1079 811 1164; x_wconf 50' lang='lat' dir='ltr'><strong>‚anui</strong></span> <span class='ocrx_word' id='word_1_48' title='bbox 828 1084 936 1176; x_wconf 70' lang='lat'><strong>1714,</strong></span> <span class='ocrx_word' id='word_1_49' title='bbox 953 1106 1033 1153; x_wconf 90' lang='lat' dir='ltr'><strong>nou</strong></span> <span class='ocrx_word' id='word_1_50' title='bbox 1046 1078 1122 1153; x_wconf 84' lang='lat' dir='ltr'><strong>vide·</strong></span> 
     </span>
     <span class='ocr_line' id='line_1_8' title="bbox 139 1196 1124 1296; baseline 0.002 -26"><span class='ocrx_word' id='word_1_51' title='bbox 139 1213 202 1270; x_wconf 87' lang='lat' dir='ltr'><strong>tur</strong></span> <span class='ocrx_word' id='word_1_52' title='bbox 218 1199 360 1296; x_wconf 85' lang='lat' dir='ltr'><strong>legisse.</strong></span> <span class='ocrx_word' id='word_1_53' title='bbox 389 1198 546 1293; x_wconf 82' lang='lat' dir='ltr'><strong>Legerat</strong></span> <span class='ocrx_word' id='word_1_54' title='bbox 567 1212 689 1267; x_wconf 85' lang='lat' dir='ltr'><strong>autern</strong></span> <span class='ocrx_word' id='word_1_55' title='bbox 716 1196 865 1266; x_wconf 82' lang='lat' dir='ltr'><strong>llildani</strong></span> <span class='ocrx_word' id='word_1_56' title='bbox 890 1198 949 1294; x_wconf 80' lang='lat' dir='ltr'><strong>(n)</strong></span> <span class='ocrx_word' id='word_1_57' title='bbox 969 1199 1124 1272; x_wconf 80' lang='lat' dir='ltr'><strong>obseru-</strong></span> 
     </span>
     <span class='ocr_line' id='line_1_9' title="bbox 137 1312 1128 1416; baseline 0 -28"><span class='ocrx_word' id='word_1_58' title='bbox 137 1319 304 1404; x_wconf 87' lang='lat' dir='ltr'><strong>tionem,</strong></span> <span class='ocrx_word' id='word_1_59' title='bbox 335 1339 448 1411; x_wconf 85' lang='lat' dir='ltr'><strong>quam</strong></span> <span class='ocrx_word' id='word_1_60' title='bbox 478 1327 609 1383; x_wconf 84' lang='lat' dir='ltr'><strong>auctor</strong></span> <span class='ocrx_word' id='word_1_61' title='bbox 635 1312 713 1410; x_wconf 88' lang='lat' dir='ltr'><strong>ipse</strong></span> <span class='ocrx_word' id='word_1_62' title='bbox 740 1337 826 1384; x_wconf 84' lang='lat' dir='ltr'><strong>cuni</strong></span> <span class='ocrx_word' id='word_1_63' title='bbox 853 1318 1037 1389; x_wconf 89' lang='lat' dir='ltr'><strong>attentius</strong></span> <span class='ocrx_word' id='word_1_64' title='bbox 1060 1340 1128 1416; x_wconf 89' lang='lat' dir='ltr'><strong>per-</strong></span> 
     </span>
     <span class='ocr_line' id='line_1_10' title="bbox 140 1430 1141 1532; baseline -0.001 -26"><span class='ocrx_word' id='word_1_65' title='bbox 140 1433 331 1532; x_wconf 88' lang='lat' dir='ltr'><strong>pendisset</strong></span> <span class='ocrx_word' id='word_1_66' title='bbox 346 1487 356 1520; x_wconf 88' lang='lat'><strong>,</strong></span> <span class='ocrx_word' id='word_1_67' title='bbox 374 1431 420 1501; x_wconf 91' lang='lat' dir='ltr'><strong>ad</strong></span> <span class='ocrx_word' id='word_1_68' title='bbox 441 1430 613 1502; x_wconf 87' lang='lat' dir='ltr'><strong>eumdem</strong></span> <span class='ocrx_word' id='word_1_69' title='bbox 636 1455 679 1502; x_wconf 85' lang='lat' dir='ltr'><strong>ac</strong></span> <span class='ocrx_word' id='word_1_70' title='bbox 704 1431 880 1520; x_wconf 89' lang='lat' dir='ltr'><strong>Littrius,</strong></span> <span class='ocrx_word' id='word_1_71' title='bbox 901 1432 1062 1505; x_wconf 88' lang='lat' dir='ltr'><strong>modum</strong></span> <span class='ocrx_word' id='word_1_72' title='bbox 1078 1458 1141 1507; x_wconf 77' lang='lat' dir='ltr'><strong>ex·⁸</strong></span> 
     </span>
     <span class='ocr_line' id='line_1_11' title="bbox 136 1547 1131 1650; baseline 0 -29"><span class='ocrx_word' id='word_1_73' title='bbox 136 1551 339 1650; x_wconf 88' lang='lat' dir='ltr'><strong>plicaverat</strong></span> <span class='ocrx_word' id='word_1_74' title='bbox 367 1547 421 1645; x_wconf 74' lang='lat'><strong>(3)</strong></span> <span class='ocrx_word' id='word_1_75' title='bbox 442 1575 450 1616; x_wconf 93' lang='lat'><strong>:</strong></span> <span class='ocrx_word' id='word_1_76' title='bbox 475 1549 552 1618; x_wconf 88' lang='lat' dir='ltr'><strong>imo</strong></span> <span class='ocrx_word' id='word_1_77' title='bbox 582 1547 712 1632; x_wconf 82' lang='lat' dir='ltr'><strong>aliam,</strong></span> <span class='ocrx_word' id='word_1_78' title='bbox 739 1549 849 1619; x_wconf 83' lang='lat' dir='ltr'><strong>etiam</strong></span> <span class='ocrx_word' id='word_1_79' title='bbox 882 1551 1037 1623; x_wconf 90' lang='lat' dir='ltr'><strong>Parisiis</strong></span> <span class='ocrx_word' id='word_1_80' title='bbox 1062 1552 1131 1649; x_wconf 83' lang='lat' dir='ltr'><strong>jam</strong></span> 
     </span>
     <span class='ocr_line' id='line_1_12' title="bbox 139 1666 1135 1764; baseline 0.003 -26"><span class='ocrx_word' id='word_1_81' title='bbox 139 1693 240 1739; x_wconf 86' lang='lat' dir='ltr'><strong>anno</strong></span> <span class='ocrx_word' id='word_1_82' title='bbox 262 1666 348 1764; x_wconf 81' lang='lat'>1671</span> <span class='ocrx_word' id='word_1_83' title='bbox 371 1668 422 1737; x_wconf 91' lang='lat' dir='ltr'><strong>sie</strong></span> <span class='ocrx_word' id='word_1_84' title='bbox 438 1667 639 1763; x_wconf 85' lang='lat' dir='ltr'><strong>explicasse</strong></span> <span class='ocrx_word' id='word_1_85' title='bbox 657 1666 808 1737; x_wconf 88' lang='lat' dir='ltr'><strong>invenio</strong></span> <span class='ocrx_word' id='word_1_86' title='bbox 831 1668 1135 1759; x_wconf 82' lang='lat' dir='ltr'><strong>Bienaisium,-ut</strong></span> 
     </span>
     <span class='ocr_line' id='line_1_13' title="bbox 140 1783 1135 1882; baseline 0.004 -29"><span class='ocrx_word' id='word_1_87' title='bbox 140 1787 172 1856; x_wconf 91' lang='lat' dir='ltr'><strong>is</strong></span> <span class='ocrx_word' id='word_1_88' title='bbox 192 1786 257 1881; x_wconf 92' lang='lat' dir='ltr'><strong>qui</strong></span> <span class='ocrx_word' id='word_1_89' title='bbox 274 1783 421 1869; x_wconf 87' lang='lat' dir='ltr'><strong>aderat,</strong></span> <span class='ocrx_word' id='word_1_90' title='bbox 445 1785 666 1879; x_wconf 84' lang='lat' dir='ltr'><strong>insequente</strong></span> <span class='ocrx_word' id='word_1_91' title='bbox 690 1808 790 1854; x_wconf 80' lang='lat' dir='ltr'><strong>aurio</strong></span> <span class='ocrx_word' id='word_1_92' title='bbox 816 1783 966 1882; x_wconf 88' lang='lat' dir='ltr'><strong>scriptis</strong></span> <span class='ocrx_word' id='word_1_93' title='bbox 993 1785 1135 1859; x_wconf 85' lang='lat' dir='ltr'><strong>tradidit</strong></span> 
     </span>
     <span class='ocr_line' id='line_1_14' title="bbox 142 1900 1135 1996; baseline 0.005 -23"><span class='ocrx_word' id='word_1_94' title='bbox 142 1908 172 1973; x_wconf 82' lang='lat' dir='ltr'><strong>J.</strong></span> <span class='ocrx_word' id='word_1_95' title='bbox 197 1908 240 1973; x_wconf 92' lang='lat' dir='ltr'><strong>H.</strong></span> <span class='ocrx_word' id='word_1_96' title='bbox 260 1906 461 1971; x_wconf 83' lang='lat' dir='ltr'><strong>Lavaterus</strong></span> <span class='ocrx_word' id='word_1_97' title='bbox 475 1901 538 1996; x_wconf 72' lang='grc' dir='ltr'><strong>(Δ)</strong></span> <span class='ocrx_word' id='word_1_98' title='bbox 559 1907 635 1973; x_wconf 87' lang='lat' dir='ltr'><strong>Cur</strong></span> <span class='ocrx_word' id='word_1_99' title='bbox 651 1900 750 1971; x_wconf 88' lang='lat' dir='ltr'><strong>euim</strong></span> <span class='ocrx_word' id='word_1_100' title='bbox 772 1900 1019 1976; x_wconf 89' lang='lat' dir='ltr'><strong>bubonocele</strong></span> <span class='ocrx_word' id='word_1_101' title='bbox 1043 1903 1135 1977; x_wconf 82' lang='lat' dir='ltr'><strong>labo·</strong></span> 
     </span>
     <span class='ocr_line' id='line_1_15' title="bbox 137 2018 1136 2118; baseline 0.004 -27"><span class='ocrx_word' id='word_1_102' title='bbox 137 2044 226 2092; x_wconf 84' lang='lat' dir='ltr'><strong>rans</strong></span> <span class='ocrx_word' id='word_1_103' title='bbox 238 2045 332 2117; x_wconf 78' lang='lat' dir='ltr'><strong>aegra</strong></span> <span class='ocrx_word' id='word_1_104' title='bbox 349 2034 580 2090; x_wconf 73' lang='lat' dir='ltr'><strong>excrementa</strong></span> <span class='ocrx_word' id='word_1_105' title='bbox 596 2018 740 2117; x_wconf 77' lang='lat' dir='ltr'><strong>liquida</strong></span> <span class='ocrx_word' id='word_1_106' title='bbox 761 2035 840 2089; x_wconf 89' lang='lat' dir='ltr'><strong>toto</strong></span> <span class='ocrx_word' id='word_1_107' title='bbox 857 2028 1136 2118; x_wconf 63' lang='lat' dir='ltr'><strong>compressiones</strong></span> 
     </span>
     <span class='ocr_line' id='line_1_16' title="bbox 140 2136 1136 2237; baseline 0.004 -29"><span class='ocrx_word' id='word_1_108' title='bbox 140 2153 304 2235; x_wconf 83' lang='lat' dir='ltr'><strong>tempore</strong></span> <span class='ocrx_word' id='word_1_109' title='bbox 325 2136 407 2229; x_wconf 88' lang='lat' dir='ltr'><strong>(ad</strong></span> <span class='ocrx_word' id='word_1_110' title='bbox 423 2136 520 2206; x_wconf 76' lang='lat' dir='ltr'><strong>diem</strong></span> <span class='ocrx_word' id='word_1_111' title='bbox 540 2162 654 2233; x_wconf 82' lang='lat' dir='ltr'><strong>usqae</strong></span> <span class='ocrx_word' id='word_1_112' title='bbox 670 2142 864 2235; x_wconf 79' lang='lat' dir='ltr'><strong>septimam</strong></span> <span class='ocrx_word' id='word_1_113' title='bbox 872 2139 896 2230; x_wconf 89' lang='lat'><em>)</em></span> <span class='ocrx_word' id='word_1_114' title='bbox 913 2164 995 2237; x_wconf 85' lang='lat' dir='ltr'><strong>per</strong></span> <span class='ocrx_word' id='word_1_115' title='bbox 1019 2139 1136 2215; x_wconf 79' lang='lat' dir='ltr'><strong>alvum</strong></span> 
     </span>
     <span class='ocr_line' id='line_1_17' title="bbox 137 2253 1136 2351; baseline 0.005 -23"><span class='ocrx_word' id='word_1_116' title='bbox 137 2253 341 2351; x_wconf 86' lang='lat' dir='ltr'><strong>dejecisset,</strong></span> <span class='ocrx_word' id='word_1_117' title='bbox 379 2254 458 2348; x_wconf 88' lang='lat' dir='ltr'><strong>ejus</strong></span> <span class='ocrx_word' id='word_1_118' title='bbox 491 2259 565 2342; x_wconf 82' lang='lat' dir='ltr'><strong>rei,</strong></span> <span class='ocrx_word' id='word_1_119' title='bbox 598 2257 745 2350; x_wconf 89' lang='lat' dir='ltr'><strong>inquit,</strong></span> <span class='ocrx_word' id='word_1_120' title='bbox 780 2279 936 2327; x_wconf 83' lang='lat' dir='ltr'><strong>eausam</strong></span> <span class='ocrx_word' id='word_1_121' title='bbox 967 2256 1136 2333; x_wconf 77' lang='lat' dir='ltr'><strong>laudatur</strong></span> 
     </span>
     <span class='ocr_line' id='line_1_18' title="bbox 138 2376 1133 2476; baseline 0.006 -35"><span class='ocrx_word' id='word_1_122' title='bbox 138 2387 318 2470; x_wconf 82' lang='lat' dir='ltr'><strong>operator</strong></span> <span class='ocrx_word' id='word_1_123' title='bbox 330 2376 540 2441; x_wconf 69' lang='lat' dir='ltr'><strong>tricastinum</strong></span> <span class='ocrx_word' id='word_1_124' title='bbox 555 2388 724 2470; x_wconf 78' lang='lat' dir='ltr'><strong>exparte</strong></span> <span class='ocrx_word' id='word_1_125' title='bbox 738 2379 977 2445; x_wconf 79' lang='lat' dir='ltr'><strong>constrictum</strong></span> <span class='ocrx_word' id='word_1_126' title='bbox 987 2382 1133 2476; x_wconf 79' lang='lat' dir='ltr'><strong>reperit.</strong></span> 
     </span>
     <span class='ocr_line' id='line_1_19' title="bbox 137 2480 1135 2594; baseline 0.01 -37"><span class='ocrx_word' id='word_1_127' title='bbox 137 2489 209 2559; x_wconf 90' lang='lat' dir='ltr'><strong>Sed</strong></span> <span class='ocrx_word' id='word_1_128' title='bbox 229 2504 264 2561; x_wconf 88' lang='lat' dir='ltr'><strong>et</strong></span> <span class='ocrx_word' id='word_1_129' title='bbox 281 2488 488 2558; x_wconf 89' lang='lat' dir='ltr'><strong>Ballonium</strong></span> <span class='ocrx_word' id='word_1_130' title='bbox 508 2486 561 2584; x_wconf 77' lang='lat'><strong>(5)</strong></span> <span class='ocrx_word' id='word_1_131' title='bbox 582 2480 847 2577; x_wconf 77' lang='lat' dir='ltr'><strong>animadverti,</strong></span> <span class='ocrx_word' id='word_1_132' title='bbox 864 2515 952 2562; x_wconf 86' lang='lat' dir='ltr'><strong>curn</strong></span> <span class='ocrx_word' id='word_1_133' title='bbox 975 2497 1135 2594; x_wconf 83' lang='lat' dir='ltr'><strong>scripsit,</strong></span> 
     </span>
     <span class='ocr_line' id='line_1_20' title="bbox 138 2606 1136 2709; baseline 0.012 -34"><span class='ocrx_word' id='word_1_134' title='bbox 138 2612 176 2676; x_wconf 85' lang='lat' dir='ltr'><strong>in</strong></span> <span class='ocrx_word' id='word_1_135' title='bbox 196 2613 329 2703; x_wconf 74' lang='lat' dir='ltr'><strong>zirgaen</strong></span> <span class='ocrx_word' id='word_1_136' title='bbox 345 2606 532 2706; x_wconf 82' lang='lat' dir='ltr'><strong>prolapsa</strong></span> <span class='ocrx_word' id='word_1_137' title='bbox 546 2614 637 2676; x_wconf 80' lang='lat' dir='ltr'><strong>coeer&#39;</strong></span> <span class='ocrx_word' id='word_1_138' title='bbox 650 2614 814 2678; x_wconf 76' lang='lat' dir='ltr'><strong>intestini</strong></span> <span class='ocrx_word' id='word_1_139' title='bbox 829 2611 1047 2709; x_wconf 78' lang='lat' dir='ltr'><strong>apophysi,</strong></span> <span class='ocrx_word' id='word_1_140' title='bbox 1075 2615 1136 2687; x_wconf 82' lang='lat' dir='ltr'><strong>etsi</strong></span> 
     </span>
     <span class='ocr_line' id='line_1_21' title="bbox 136 2722 1137 2831; baseline 0.009 -36"><span class='ocrx_word' id='word_1_141' title='bbox 136 2722 214 2796; x_wconf 86' lang='lat' dir='ltr'><strong>haec</strong></span> <span class='ocrx_word' id='word_1_142' title='bbox 249 2738 550 2822; x_wconf 84' lang='lat' dir='ltr'><strong>computrescat,</strong></span> <span class='ocrx_word' id='word_1_143' title='bbox 579 2750 655 2794; x_wconf 85' lang='lat' dir='ltr'><strong>non</strong></span> <span class='ocrx_word' id='word_1_144' title='bbox 682 2750 758 2795; x_wconf 82' lang='lat' dir='ltr'><strong>esse</strong></span> <span class='ocrx_word' id='word_1_145' title='bbox 786 2750 930 2798; x_wconf 82' lang='lat' dir='ltr'><strong>necesse</strong></span> <span class='ocrx_word' id='word_1_146' title='bbox 957 2754 1008 2801; x_wconf 89' lang='lat' dir='ltr'><strong>ea</strong></span> <span class='ocrx_word' id='word_1_147' title='bbox 1038 2734 1137 2831; x_wconf 78' lang='lat' dir='ltr'><strong>sequi</strong></span> 
     </span>
     <span class='ocr_line' id='line_1_22' title="bbox 135 2842 1136 2941; baseline 0.01 -29"><span class='ocrx_word' id='word_1_148' title='bbox 135 2857 405 2941; x_wconf 82' lang='lat' dir='ltr'><strong>symptomata,</strong></span> <span class='ocrx_word' id='word_1_149' title='bbox 422 2866 508 2937; x_wconf 78' lang='lat' dir='ltr'><strong>qaae</strong></span> <span class='ocrx_word' id='word_1_150' title='bbox 526 2849 702 2941; x_wconf 82' lang='lat' dir='ltr'><strong>consequi</strong></span> <span class='ocrx_word' id='word_1_151' title='bbox 708 2842 828 2913; x_wconf 85' lang='lat' dir='ltr'><strong>solent</strong></span> <span class='ocrx_word' id='word_1_152' title='bbox 842 2849 881 2914; x_wconf 82' lang='lat' dir='ltr'><strong>iu</strong></span> <span class='ocrx_word' id='word_1_153' title='bbox 896 2843 1067 2921; x_wconf 81' lang='lat' dir='ltr'><strong>aliorum</strong></span> <span class='ocrx_word' id='word_1_154' title='bbox 1075 2862 1136 2921; x_wconf 83' lang='lat' dir='ltr'><strong>nat</strong></span> 
     </span>
     <span class='ocr_line' id='line_1_23' title="bbox 136 2965 1132 3058; baseline 0.013 -31"><span class='ocrx_word' id='word_1_155' title='bbox 136 2965 345 3057; x_wconf 82' lang='lat' dir='ltr'><strong>tenuiorum</strong></span> <span class='ocrx_word' id='word_1_156' title='bbox 373 2974 441 3029; x_wconf 84' lang='lat' dir='ltr'><strong>aut</strong></span> <span class='ocrx_word' id='word_1_157' title='bbox 461 2984 669 3030; x_wconf 84' lang='lat' dir='ltr'><strong>crassorum</strong></span> <span class='ocrx_word' id='word_1_158' title='bbox 699 2968 956 3034; x_wconf 83' lang='lat' dir='ltr'><strong>intestinorum</strong></span> <span class='ocrx_word' id='word_1_159' title='bbox 971 2969 1132 3058; x_wconf 81' lang='lat' dir='ltr'><strong>affeetu,</strong></span> 
     </span>
     <span class='ocr_line' id='line_1_24' title="bbox 135 3076 1132 3176; baseline 0.01 -31"><span class='ocrx_word' id='word_1_160' title='bbox 135 3099 219 3145; x_wconf 90' lang='lat' dir='ltr'><strong>cum</strong></span> <span class='ocrx_word' id='word_1_161' title='bbox 238 3076 337 3165; x_wconf 81' lang='lat' dir='ltr'><strong>haec,</strong></span> <span class='ocrx_word' id='word_1_162' title='bbox 355 3076 530 3172; x_wconf 86' lang='lat' dir='ltr'><strong>inquam,</strong></span> <span class='ocrx_word' id='word_1_163' title='bbox 548 3079 713 3176; x_wconf 85' lang='lat' dir='ltr'><strong>scripsit,</strong></span> <span class='ocrx_word' id='word_1_164' title='bbox 741 3104 819 3149; x_wconf 89' lang='lat' dir='ltr'><strong>nou</strong></span> <span class='ocrx_word' id='word_1_165' title='bbox 846 3077 1013 3171; x_wconf 86' lang='lat' dir='ltr'><strong>obscure</strong></span> <span class='ocrx_word' id='word_1_166' title='bbox 1040 3084 1132 3157; x_wconf 91' lang='lat' dir='ltr'><strong>indi·</strong></span> 
     </span>
     <span class='ocr_line' id='line_1_25' title="bbox 134 3194 1129 3283; baseline 0.015 -21"><span class='ocrx_word' id='word_1_167' title='bbox 134 3216 255 3280; x_wconf 86' lang='lat' dir='ltr'><strong>casse,</strong></span> <span class='ocrx_word' id='word_1_168' title='bbox 271 3194 346 3263; x_wconf 88' lang='lat' dir='ltr'><strong>sive</strong></span> <span class='ocrx_word' id='word_1_169' title='bbox 363 3218 407 3264; x_wconf 84' lang='lat' dir='ltr'><strong>ex</strong></span> <span class='ocrx_word' id='word_1_170' title='bbox 424 3198 573 3283; x_wconf 86' lang='lat' dir='ltr'><strong>crassis,</strong></span> <span class='ocrx_word' id='word_1_171' title='bbox 591 3195 667 3266; x_wconf 89' lang='lat' dir='ltr'><strong>sive</strong></span> <span class='ocrx_word' id='word_1_172' title='bbox 685 3220 729 3265; x_wconf 87' lang='lat' dir='ltr'><strong>ex</strong></span> <span class='ocrx_word' id='word_1_173' title='bbox 746 3195 927 3270; x_wconf 87' lang='lat' dir='ltr'><strong>tenuibus</strong></span> <span class='ocrx_word' id='word_1_174' title='bbox 949 3200 1129 3277; x_wconf 75' lang='lat' dir='ltr'><strong>intestinis</strong></span> 
     </span>
    </p>
   </div>
   <div class='ocr_carea' id='block_1_5' title="bbox 131 3391 304 3405">
    <p class='ocr_par' dir='ltr' id='par_1_8' title="bbox 131 3391 304 3405">
     <span class='ocr_line' id='line_1_26' title="bbox 131 3391 304 3405; baseline 0.006 -2"><span class='ocrx_word' id='word_1_175' title='bbox 131 3391 304 3405; x_wconf 54' lang='grc' dir='ltr'><strong>ῆ-,ι-υ-</strong></span> 
     </span>
    </p>
   </div>
   <div class='ocr_carea' id='block_1_6' title="bbox 231 3811 861 3981">
    <p class='ocr_par' dir='ltr' id='par_1_9' title="bbox 231 3811 861 3981">
     <span class='ocr_line' id='line_1_27' title="bbox 233 3811 861 3885; baseline 0.005 -20"><span class='ocrx_word' id='word_1_176' title='bbox 233 3811 308 3867; x_wconf 89' lang='lat' dir='ltr'><strong>Diss.</strong></span> <span class='ocrx_word' id='word_1_177' title='bbox 328 3811 364 3867; x_wconf 88' lang='lat' dir='ltr'><strong>de</strong></span> <span class='ocrx_word' id='word_1_178' title='bbox 378 3811 546 3866; x_wconf 87' lang='lat' dir='ltr'><strong>intestinor.</strong></span> <span class='ocrx_word' id='word_1_179' title='bbox 561 3828 720 3885; x_wconf 66' lang='lat' dir='ltr'><strong>compress·</strong></span> <span class='ocrx_word' id='word_1_180' title='bbox 739 3811 813 3869; x_wconf 75' lang='lat' dir='ltr'><strong>thes.</strong></span> <span class='ocrx_word' id='word_1_181' title='bbox 831 3811 861 3868; x_wconf 83' lang='lat'><strong>6.</strong></span> 
     </span>
     <span class='ocr_line' id='line_1_28' title="bbox 231 3911 613 3981; baseline -0.005 -14"><span class='ocrx_word' id='word_1_182' title='bbox 231 3913 265 3971; x_wconf 84' lang='lat' dir='ltr'><strong>L.</strong></span> <span class='ocrx_word' id='word_1_183' title='bbox 285 3930 316 3981; x_wconf 87' lang='lat'><strong>1,</strong></span> <span class='ocrx_word' id='word_1_184' title='bbox 331 3911 433 3968; x_wconf 86' lang='lat' dir='ltr'><strong>consil.</strong></span> <span class='ocrx_word' id='word_1_185' title='bbox 451 3911 613 3969; x_wconf 76' lang='lat' dir='ltr'><strong>med-103.</strong></span> 
     </span>
    </p>
   </div>
   <div class='ocr_carea' id='block_1_7' title="bbox 1146 392 1164 437">
    <p class='ocr_par' dir='ltr' id='par_1_10' title="bbox 1146 392 1164 437">
     <span class='ocr_line' id='line_1_29' title="bbox 1146 392 1164 437; baseline 0 0"><span class='ocrx_word' id='word_1_186' title='bbox 1146 392 1164 437; x_wconf 80' lang='lat' dir='ltr'><strong>lt</strong></span> 
     </span>
    </p>
   </div>
   <div class='ocr_carea' id='block_1_8' title="bbox 0 0 1294 4514">
    <p class='ocr_par' dir='ltr' id='par_1_11' title="bbox 0 0 1294 4514">
     <span class='ocr_line' id='line_1_30' title="bbox 0 0 1294 4514; baseline 0 2"><span class='ocrx_word' id='word_1_187' title='bbox 0 0 1294 4514; x_wconf 95' lang='lat' dir='ltr'><strong> </strong></span> 
     </span>
    </p>
   </div>
  </div>
 </body>
</html>
