2580 4514
168 392 234 436 un.
263 389 320 435 111.
348 389 395 432 nn
421 386 557 432 uonnrs
576 386 747 450 vnurrus,
769 389 879 435 nrrsr.
901 391 1021 436 κων.
1051 368 1118 447 317

119 501 210 601 quid
227 500 410 599 suspicari
430 499 565 596 aliquis
589 501 726 596 possit,
746 501 1010 574 considerabis.
1029 505 1124 575 Mihi

119 621 221 690 enirn
235 618 318 706 hic,
338 633 381 688 ut
401 615 500 700 dixi,
520 617 756 712 propositum
777 631 832 688 est
847 619 1014 716 exempla
1028 621 1125 695 ,indi-

119 758 226 822 care,
247 735 295 806 ad
314 735 433 805 varias
453 732 688 804 cruciatuum
710 735 976 805 intestinorum
996 761 1124 808 causas

119 852 327 950 spectantia
338 878 353 939 3-
365 874 442 920 non
458 849 667 947 quomodo
682 874 724 919 ac
741 852 886 922 ratione
904 877 946 922 ea
961 854 1125 950 contige·
1238 874 1241 878 ·

119 966 200 1038 rint
213 991 389 1065 quaerere.
408 971 487 1037 Hoc
506 991 592 1037 cum
610 989 839 1063 quaeremus,
859 967 951 1037 illud
972 993 1125 1064 quoque

122 1084 195 1155 erit
223 1083 494 1181 inquirendum
526 1081 631 1179 quod
665 1083 818 1170 Plateri‚
855 1084 901 1154 ad
931 1084 1126 1155 volvulum

124 1202 233 1273 etiarn
250 1203 431 1287 attinens,
445 1199 655 1305 observatio
669 1199 722 1296 (ι)
735 1201 984 1298 perquirendi
997 1227 1125 1274 ansam

124 1319 283 1415 prebet,
301 1320 480 1389 nimirum
491 1343 540 1388 an
550 1316 726 1417 lumbrici
741 1294 815 1389 sinl
830 1319 995 1416 vivipari.
1012 1325 1127 1391 Cons-

124 1439 224 1534 pexit
242 1437 306 1508 ille
326 1428 549 1524 convoluta,
569 1438 729 1520 intorta,
752 1435 930 1533 implexa,
956 1439 1126 1535 mireque

124 1552 285 1629 distenta
309 1555 442 1652 pueri,
465 1553 523 1624 vel
544 1554 672 1649 potius
693 1551 963 1624 adolescentuli
990 1556 1129 1627 intesti-

122 1692 191 1762 na,
206 1696 287 1743 non
302 1671 419 1742 modo
434 1671 728 1742 recrementiset
742 1669 910 1760 flatibus,
926 1671 995 1743 sed
1005 1689 1129 1745 etrier-

119 1793 240 1863 mrhus
252 1795 369 1876 υἰνίε,
384 1789 572 1884 oblongis,
588 1775 871 1885 quamplurimis
890 1789 1045 1887 repleta,
1064 1797 1130 1887 qui

124 1932 276 1982 rursum
295 1902 380 1978 'ciliis
399 1907 603 1976 minoribus
618 1907 747 1996 referti
762 1922 879 2003 erant.
897 1905 1130 1979 Observabo·

120 2050 213 2100 nem
226 2026 327 2097 hanc
345 2027 386 2094 iu
406 2022 655 2120 Sepulchreto
668 2047 822 2120 quoque
842 2024 942 2121 leges
955 2039 1037 2095 tum
1050 2050 1129 2098 sec·

121 2146 243 2233 tione‘
270 2145 370 2215 circa
406 2165 520 2240 quarn
555 2165 750 2211 versamur
786 2145 873 2213 XIV
908 2144 1009 2235 (2),
1047 2159 1128 2239 turn

119 2264 234 2337 etiam
247 2263 316 2356 (3),
329 2285 450 2358 eoque
467 2259 584 2356 magis
600 2259 787 2349 attendes,
805 2261 834 2331 si
846 2260 1129 2332 iu'dissertatio-

119 2406 213 2457 nem
238 2379 417 2452 incideris
450 2401 525 2474 qua
554 2376 673 2448 solers
704 2376 873 2449 medicus
903 2379 1130 2476 Zamponius

119 2497 304 2575 describit
324 2496 369 2568 cl.
392 2494 531 2565 Planco
542 2493 732 2591 dejectum
748 2493 795 2564 ab
811 2495 883 2565 alio
898 2520 1018 2592 puero
1038 2497 1131 2567 lum-

119 2602 297 2704 bricum,
317 2639 406 2684 mox
426 2613 503 2683 suis
518 2612 586 2683 sub
602 2611 722 2682 oculis
740 2613 947 2708 parientem
965 2613 1131 2686 minutos

119 2736 229 2807 vivos
254 2729 547 2804 vermiculosad
572 2727 863 2826 duodetriginta.
892 2730 963 2802 Sed
984 2730 1062 2800 hacc
1084 2731 1140 2809 ad¹

119 2856 262 2927 ¹teretes
274 2873 421 2921 vermes
435 2847 595 2943 attinent
612 2847 747 2919 omnia.

128 3013 133 3037 2
172 2970 234 3069 37.
257 2971 353 3041 Nam
370 2966 474 3065 quod
495 2966 541 3037 de
557 2967 675 3038 taeniis
698 2981 735 3037 et
757 2964 985 3036 ascaridibus
1001 2965 1132 3062 legisse

123 3088 305 3176 memini,
326 3086 471 3184 singula
493 3085 645 3155 illarum
660 3083 872 3155 internodia
889 3083 1015 3153 multis
1031 3107 1133 3154 asca-

122 3205 274 3279 ridibus
304 3201 414 3276 fuisse
443 3203 586 3299 repleta
608 3227 687 3271 non
713 3225 820 3271 secus
845 3225 888 3270 ac
917 3203 947 3270 si
975 3200 1134 3298 probis

124 3326 345 3397 ovariorum
360 3318 512 3407 officio,
531 3320 591 3392 vel
605 3320 731 3416 potius
746 3319 845 3389 uteri
864 3314 1133 3417 fungerentur;

124 3457 190 3516 aut
216 3465 296 3538 ego*
312 3438 467 3538 quidem
491 3438 699 3535 plurimum
722 3433 845 3521 fallor,
866 3451 929 3505 aut
949 3434 1135 3531 ejusmodi
1234 3508 1237 3512 ,

165 3747 212 3826 (ι)
227 3706 267 3802 n.
282 3746 317 3814 3,
330 3744 448 3800 observ.
461 3743 515 3800 uu
532 3743 568 3801 ae
580 3715 793 3798 emur-anua.

165 3848 213 3925 (2)
235 3847 307 3904 Sub.
322 3865 353 3900 n.
368 3847 462 3915 XXI,
477 3849 492 3914 5
510 3863 535 3899 1.

166 3948 212 4026 (3)
236 3947 307 4006 sub.
323 3965 353 4000 n.
369 3947 478 4014 xxn,
494 3949 509 4014 s
525 3952 553 4009 4.
