2580 4514
154 354 227 428 306
318 377 364 422 ma
391 372 536 422 sanmus
561 375 605 420 rr
630 374 754 421 caus1s
779 374 991 424 nonnosum

153 491 331 575 materia,
349 488 396 560 ad
417 487 670 583 eumdemque
687 487 845 559 modum
863 486 966 578 fieri,
984 491 1050 563 sed
1073 518 1142 565 nec·

152 608 242 679 dum
267 631 344 678 esse
370 602 542 702 perfecta.
573 609 666 676 Cum
694 605 790 684 hoc,
818 632 964 681 novum
984 605 1140 696 fortasse,

152 723 276 797 morbi
308 747 450 821 genus,
487 721 678 793 uretbram
713 723 945 820 procedente
988 741 1139 824 tempore

152 857 446 927 coarctaturum,
469 855 505 910 et
522 843 598 935 jain
616 837 721 911 facile
742 841 920 912 nonnihil
939 843 1139 930 laedentem‚

150 959 518 1044 animadvertissem
541 973 690 1028 uterum
717 961 842 1048 secui,
862 961 893 1031 si
924 957 1022 1033 forte
1040 963 1139 1032 mani·

150 1075 277 1149 festius
306 1075 551 1170 scaturigines
578 1075 788 1146 invenirem
823 1075 973 1148 subalbi
996 1095 1046 1150 et.
1063 1103 1140 1150 cras·

150 1195 302 1267 siusculi
317 1193 489 1264 humoris
504 1216 583 1289 quo
598 1192 710 1263 nimis
723 1192 979 1266 humectatam
990 1199 1139 1295 vaginam

149 1335 428 1410 conspexeram.
465 1309 537 1380 Sed
558 1324 692 1406 praeter
723 1312 1038 1386 consuetudinem
1065 1314 1140 1384 nihil

151 1431 257 1516 vidi,
288 1429 360 1500 nisi
391 1428 672 1526 prominentem
700 1430 951 1500 vesicularum
986 1456 1139 1504 acervum

148 1547 372 1645 parvulum,
392 1560 435 1615 ut
455 1545 535 1640 ejus
553 1570 638 1617 area
655 1545 837 1616 ambitum
857 1551 997 1646 unguis
1014 1575 1139 1622 nonex-

148 1664 298 1735 cederet
313 1663 419 1760 digiti
434 1663 593 1732 minimi.
611 1667 699 1734 Erat
715 1664 755 1733 in
772 1661 869 1741 facie,
886 1668 1075 1743 anteriore
1092 1691 1137 1737 ca·
1168 1682 1182 1693 '·

145 1807 220 1852 veae
238 1782 357 1877 ipsius
376 1781 473 1851 uteri
490 1780 679 1853 dexterius
691 1783 926 1880 propiusque
938 1766 1135 1884 supremam

146 1913 291 1997 partem
313 1897 479 1993 ejusdem
501 1923 618 1969 caveae
637 1923 751 1995 quarn
779 1901 951 1990 cervicis3
970 1917 1016 1974 ut
1035 1903 1136 2000 suspi-

145 2032 250 2088 catus
274 2017 341 2087 sim
367 2016 532 2114 primum
561 2040 640 2087 esse
669 2015 982 2090 inchoamentum
1013 2042 1136 2092 excres-

147 2137 299 2222 centiae,
320 2133 532 2206 cu'usmodi
551 2159 570 2203 a
594 2159 652 2204 me
671 2135 922 2231 saepealiasin
942 2162 1036 2209 cavo
1058 2137 1136 2210 uteri

146 2162 498 2350 descriptaslegisti.
518 2257 562 2321 Et
574 2253 832 2349 prominentia
845 2253 1005 2350 quidem
1018 2255 1057 2329 id
1067 2280 1136 2327 con·

145 2372 343 2445 firmabat:
369 2374 435 2445 sed
453 2373 798 2447 non-conveniebat
818 2389 954 2447 natura
975 2375 1139 2477 vesicula·

145 2516 230 2562 rum
261 2517 341 2588 quaa
370 2492 632 2589 prominentia
659 2489 790 2562 faciem
816 2491 1026 2591 tegebant3
1052 2504 1139 2566 eraut

114 2675 117 2680 .
146 2611 246 2681 enim
262 2612 369 2707 ipsae,
390 2625 427 2680 et
443 2632 598 2696 mucm,
617 2633 731 2706 quem
755 2609 1029 2702 continebant,
1054 2612 1140 2709 ejus-

144 2726 230 2799 dem
250 2729 407 2798 omnino
432 2728 600 2824 generis,
622 2742 659 2798 et
681 2726 925 2823 adeumdem
944 2730 1138 2803 naturalem

144 2845 300 2929 modum
323 2870 360 2917 se
382 2842 575 2931 habentis,
594 2845 700 2939 cujus
717 2859 824 2915 erant
839 2842 938 2917 infra
951 2849 994 2918 iu
1013 2848 1139 2920 cervice

143 2963 221 3034 aliae
235 2964 384 3061 plures,
403 2962 494 3032 olim
513 2985 532 3030 a
548 2985 608 3032 me
627 2961 753 3032 verbis
771 2976 808 3033 et
824 2963 972 3060 pictura
989 2967 1078 3038 satis
1090 2987 1139 3034 ex·

143 3081 342 3177 pressae(r)
353 3107 363 3168 ;
376 3104 455 3150 non
473 3077 668 3175 hydatides
685 3078 815 3175 quales
830 3078 892 3151 hic
905 3105 1065 3180 quoque
1075 3104 1139 3152 uon

143 3195 299 3267 deerant
316 3197 365 3267 ad'
382 3195 510 3283 tubas,
534 3212 570 3267 et
600 3196 721 3293 prope
739 3199 886 3285 oraria,
915 3198 1025 3289 alba,
1042 3199 1139 3283 dura,

142 3314 309 3410 strigosa.
329 3313 400 3406 Sed
423 3315 604 3386 vesiculas
614 3342 630 3392 ,·
642 3339 796 3386 mucum
818 3315 1044 3414 limpidum,
1061 3317 1138 3389 etin

141 3427 204 3500 fila
229 3426 408 3503 ductilem
436 3433 696 3522 continentes,
717 3447 792 3504 tarn
825 3433 898 3504 alta
924 3433 1016 3507 sede
1039 3454 1137 3535 quarn

140 3549 182 3617 in
211 3548 283 3619 hac
318 3551 462 3650 virgine
486 3550 709 3637 collocatas,
738 3551 869 3648 ibique
898 3552 939 3622 in
974 3572 1136 3633 acervum

179 3926 223 4007 (ι)
242 3929 368 4011 Αᾱνετε.
391 3937 469 3983 anat.
489 3947 566 3997 1,.u.
581 3928 618 3986 32
632 3938 662 3983 et
678 3927 739 3983 tab.
755 3929 782 3983 3.
