2580 4514
164 362 225 408 nn.
246 361 302 408 111.
330 362 376 406 on
402 359 536 407 monins
561 361 729 425 vnnrms,
756 362 864 410 nrrsr.
885 366 1005 412 xxxvi.
1033 345 1099 417 381
1185 412 1193 421 .

125 491 232 547 autem
246 476 284 545 in
297 473 407 563 lociS,
421 475 467 545 ad
482 497 564 544 oras
576 477 796 571 praesertim,
806 477 926 548 multo
941 484 1100 553 tenuior.

119 580 238 703 'ligura
258 608 312 666 est
332 592 524 679 abnormi,
546 606 582 661 et
603 616 738 664 curvus
760 594 965 666 secundum
984 599 1104 697 longi·

119 711 300 815 'pidinemz
316 707 512 807 superficie
529 709 701 806 inaequali
719 725 755 780 et
774 709 964 799 tuberosa‚
988 718 1103 813 magis

135 842 232 929 tamen
255 829 300 899 ‘in
322 852 409 898 cava
434 825 525 910 facie
552 851 664 923 quam
688 828 726 894 in
753 851 926 899 convexa.
953 832 1102 902 Circum

138 968 199 1017 ons
219 944 333 1016 ferme
360 945 527 1041 undique
548 946 734 1014 exsiccatae
754 948 892 1017 restant
914 947 1101 1019 membra-

139 1054 195 1132 ueae
208 1064 337 1134 tunicae
354 1062 518 1157 reliquiae
537 1087 544 1128 :
566 1061 622 1130 hae
639 1061 741 1132 illinc
757 1063 795 1130 in
815 1060 948 1132 faciem
964 1079 1102 1134 utram-

139 1160 191 1275 que
214 1194 393 1276 pergunt,
420 1178 484 1248 sed
513 1175 742 1251 manifestius
774 1179 813 1248 in
843 1203 991 1269 cavam,
1021 1207 1102 1278 quae

139 1295 325 1394 membrana
339 1293 461 1365 adhuc
479 1294 669 1365 evidenter
687 1296 891 1366 convestita
904 1311 979 1385 est,
999 1297 1102 1368 ideo·
1144 1323 1153 1343 ¹

119 1431 192 1505 ,que
218 1412 311 1482 llavo
341 1412 467 1483 colore
493 1427 664 1510 apparet,
686 1412 750 1483 sed
774 1413 880 1484 valde
910 1410 1037 1502 fusco;
1065 1431 1103 1486 at

138 1518 271 1600 convexa
284 1555 327 1600 ex
339 1527 435 1599 flavo
450 1529 605 1616 albicat,
623 1531 652 1600 si
666 1529 833 1626 quaedam
852 1531 1010 1628 excipias
1020 1531 1101 1602 loca

119 1639 310 1743 'inquibus
323 1665 407 1717 'non
428 1672 533 1720 secus
554 1662 665 1744 atque
691 1648 729 1716 in
755 1671 863 1732 cava,
882 1647 1101 1721 membrana

138 1778 284 1857 superest.
317 1757 405 1836 Veri
432 1780 553 1835 autem
585 1765 702 1835 simile
731 1779 803 1850 est,
834 1789 920 1834 cum
946 1764 992 1834 ab
1025 1764 1101 1836 dia·

136 1872 324 1978 phragmate
349 1882 393 1952 ad
416 1881 518 1978 quod
539 1883 676 1953 arctius
707 1880 932 1969 adhaereret,
961 1882 1099 1955 lienem

135 1997 328 2085 avellerent,
350 2002 400 2070 ita
428 2024 448 2069 a
478 2024 641 2069 convexa
664 1998 777 2093 hujus
803 1990 893 2070 facie
917 1999 1100 2071 membra-

130 2130 197 2184 nam
212 2116 424 2215 divulsisse,
442 2132 483 2187 ut
500 2116 546 2186 ad
571 2116 663 2186 illud
690 2141 785 2212 pene
809 2130 885 2185 tota
900 2113 1008 2186 affixa
1024 2141 1101 2188 res-

128 2240 221 2320 taret,
252 2233 519 2330 nonnullisque
552 2259 595 2302 ex
623 2233 714 2303 locis
738 2234 846 2303 etiam
869 2247 946 2304 tota
973 2235 1100 2305 simul-

119 2371 205 2446 que,
231 2375 317 2422 cum
346 2376 388 2423 ea
423 2351 476 2420 ibi
505 2350 733 2420 cohaerentes
761 2350 914 2420 lamellae
937 2350 1100 2422 indurati

119 2463 233 2555 lienis,
251 2468 352 2540 unde
372 2467 494 2539 hiatus
516 2467 668 2564 quidam
687 2467 841 2564 oblongi
866 2483 901 2537 et
919 2464 1100 2538 foramina

119 2585 290 2695 ampint,
309 2610 472 2681 quorum
491 2586 531 2654 in
543 2610 630 2656 cava
644 2582 734 2655 facie
752 2586 812 2653 vix
826 2583 944 2653 ullum
963 2600 1017 2655 est
1030 2584 1043 2667 ,’
1059 2601 1101 2657 ut

119 2701 251 2772 tullum
267 2725 450 2799 prorsus<
465 2718 595 2772 'eorum
622 2727 691 2800 per
712 2725 792 2798 quae
814 2700 901 2770 olim
927 2700 1101 2771 subibant

119 2843 208 2904 rasa,
230 2818 400 2889 locorum
414 2819 606 2890 indicium.
622 2823 693 2910 Per
708 2844 770 2890 eos
785 2818 907 2888 hiatus
932 2819 961 2887 si
984 2813 1100 2887 int'ro-

119 2936 260 3033 picias,
287 2960 365 3004 non
386 2935 546 3007 solidum
570 2935 711 3033 ubique
737 2960 815 3006 esse
840 2930 1102 3003 hunclieneni

119 3051 299 3149 ntelligis,
316 3054 393 3123 imo
415 3077 660 3124 cavernosum
682 3068 718 3123 et
741 3050 1038 3122 inanem-multis
1062 3050 1101 3121 in

119 3148 274 3240 »artibus
299 3194 376 3240 esse
402 3169 523 3258 vides3
551 3186 592 3241 ut
617 3173 754 3240 mirum
778 3194 856 3239 non
884 3170 945 3253 sit,
971 3167 1102 3238 decem

119 3284 208 3362 raud
227 3285 385 3381 amplius
402 3286 600 3357 drachmas
615 3286 779 3384 pendere
796 3313 802 3354 :
825 3285 994 3381 quamvis
1010 3282 1101 3380 lapis

119 3401 165 3472 lle
183 3425 299 3498 quem
318 3402 432 3497 paulo
453 3419 537 3472 ante
560 3401 617 3499 (1)
635 3401 888 3473 memorabam
914 3404 952 3469 in
972 3400 1101 3497 splene

119 3533 302 3619 nventum
324 3534 501 3589 castaneae
522 3519 799 3615 magnitudine,
814 3517 1102 3615 pondere‘esset

137 3890 185 3971 (a)
208 3893 249 3978 u,
273 3897 319 3956 14.
