2580 4514
163 391 238 461 m.
266 413 323 461 ιιι.
350 413 398 460 mi
422 407 559 460 uonms
583 411 755 475 verrius,
781 413 893 462 nmsr.
915 417 1027 462 uxn.
1060 393 1127 490 195

121 551 254 601 :avum
269 525 380 597 valde
392 538 644 598 coarctantem
664 551 709 597 ex
727 523 851 598 fratris
863 525 1128 605 observatione

121 645 322 742 proposuit
341 643 386 715 cl.
415 641 650 715 Christianus
680 641 913 716 Wenckerus
935 645 1012 741 (ι),
1049 662 1128 726 tum
1169 652 1176 667 '

121 761 195 835 coli
221 775 426 858 antequam
455 760 502 832 ad
537 742 686 832 rectdm
711 759 926 850 accederet,
953 789 1130 862 magnam

121 894 270 979 partem
287 879 491 951 contractis
513 875 608 962 adeo
633 878 794 964 tunicis,
818 892 861 957 ut
883 879 1021 957 mirum
1051 909 1130 955 non

121 994 238 1071 fuerit
263 993 368 1069 faeces
398 993 627 1068 descendere
654 1019 734 1065 non
760 995 948 1093 potuisse,
977 1000 1130 1095 qualem

120 1113 319 1187 adnotavit
337 1110 502 1184 [aubius
515 1109 596 1206 (ψ
615 1124 654 1185 ct
672 1102 801 1208 'multo
821 1113 938 1210 magis
953 1112 1063 1185 ¹idem
1079 1119 1132 1186 vi-

120 1231 242 1317 tium,
259 1230 372 1309 simul
388 1229 437 1301 ad
451 1229 633 1325 majorem
644 1231 742 1301 recti
761 1243 907 1326 partem
923 1246 1130 1324 extensum,

120 1349 236 1448 quale
265 1347 324 1419 vir
348 1348 470 1433 alter,
501 1346 590 1418 dum
617 1347 758 1421 viveret
790 1349 1134 1445 experientissimus

121 1465 343 1544 Watrherus
356 1464 411 1562 (3)
426 1465 631 1563 conspexit.
647 1468 691 1537 Et
708 1477 756 1542 ne
770 1463 818 1536 ab
832 1464 905 1537 hoc
922 1466 1057 1540 ultimo
1073 1471 1133 1546 im·
1227 1515 1230 1522 ·

121 1585 267 1661 astino
276 1582 516 1671 recedamus,
531 1606 626 1680 soepe
636 1582 675 1652 in
685 1582 767 1681 ipso
778 1581 997 1656 insanabilis
1010 1609 1134 1657 coarc-

122 1701 278 1777 tationis
299 1714 414 1777 causa·
427 1715 483 1773 est
504 1715 659 1772 externa
678 1701 919 1797 compressio.
937 1705 991 1774 Ita
1004 1703 1043 1774 in
1057 1728 1133 1776 see-

120 1820 239 1893 tionis
255 1819 368 1915 hujus
378 1817 614 1918 Sepulchretl
634 1816 898 1895 observatione
918 1823 968 1892 XI
976 1818 1054 1919 (4),
1073 1837 1132 1895 tu·

119 1960 207 2013 mor
236 1935 392 2034 quidam
410 1936 514 2009 velut
535 1934 800 2033 glandulosae,
829 1937 1009 2036 utrinque
1036 1943 1132 2014 recti

122 2056 363 2154 superiorem
376 2067 522 2152 partem
535 2053 807 2151 comprimens,
819 2077 1018 2152 aquonam
1033 2057 1132 2132 bene

122 2173 357 2260 internosci,
372 2171 514 2258 nedum
532 2172 676 2258 curari,
696 2172 909 2271 potuisset?
930 2173 1134 2256 Atumore

124 2305 253 2367 autem
273 2289 461 2385 ejusmodi
474 2289 600 2387 potius
616 2312 730 2386 quam
746 2313 767 2360 a
784 2293 942 2388 sumptis
945 2292 1135 2389 plorata..

126 2413 177 2483 αἱς
194 2406 425 2506 quibusdam
440 2405 673 2478 calidissima
683 2404 758 2501 (5),
772 2431 857 2504 quae
871 2432 950 2479 non
968 2434 1133 2483 secusne
1177 2470 1180 2478 .

125 2524 480 2625 ignismembruuas
499 2523 616 2611 solet,
634 2520 867 2613 arefacerent
886 2541 923 2597 et
935 2527 1136 2603 contrahe-

124 2659 205 2719 rent
237 2643 488 2730 intestinum,
519 2639 634 2745 hujus
657 2642 836 2715 coalitum
867 2641 1136 2720 deducendum

128 2757 243 2836 fuisse
263 2784 344 2832 non
364 2758 499 2833 dubito
513 2785 524 2847 ;
544 2759 575 2841 si
591 2758 708 2831 modo
722 2760 884 2834 coalitus
899 2777 979 2833 erat
995 2764 1034 2833 in
1056 2789 1136 2835 rec..

128 2891 186 2966 to,
210 2901 302 2950 cum
317 2901 433 2948 cereae
449 2876 611 2949 candelae
622 2883 756 2975 portio
772 2877 828 2949 ad
843 2878 1039 2950 cubitalem
1058 2879 1141 2952 lon»-

126 2994 338 3092 5t'tudinem
360 2995 573 3067 intromissa
590 3010 666 3081 est,
691 3009 733 3066 ut
748 2996 798 3067 ait
815 2998 1004 3085 Donatus,
1031 2998 1146 3095 quod·

129 3115 202 3191 nisi
221 3112 380 3185 candela
391 3109 526 3183 inflexa
543 3127 702 3187 retracta
716 3127 790 3200 est,
801 3129 867 3185 aut
879 3114 951 3186 nisi
962 3115 1146 3198 intestina·

128 3245 240 3308 erant
258 3229 368 3301 aliter
383 3253 426 3300 ac
446 3228 568 3300 solent
587 3229 785 3329 disposita,
812 3255 891 3301 non
914 3232 1026 3304 video
1043 3258 1140 3332 quo-
