<?xml version="1.0" encoding="UTF-8"?>
<!DOCTYPE html PUBLIC "-//W3C//DTD XHTML 1.0 Transitional//EN"
    "http://www.w3.org/TR/xhtml1/DTD/xhtml1-transitional.dtd">
<html xmlns="http://www.w3.org/1999/xhtml" xml:lang="en" lang="en">
 <head>
  <title>
</title>
<meta http-equiv="Content-Type" content="text/html;charset=utf-8" />
  <meta name='ocr-system' content='tesseract 3.04.00' />
  <meta name='ocr-capabilities' content='ocr_page ocr_carea ocr_par ocr_line ocrx_word'/>
</head>
<body>
  <div class='ocr_page' id='page_1' title='image "./desedibusetcaus00adelgoog_0510.png"; bbox 0 0 2580 4514; ppageno 0'>
   <div class='ocr_carea' id='block_1_1' title="bbox 181 430 1131 518">
    <p class='ocr_par' dir='ltr' id='par_1_1' title="bbox 181 430 1131 518">
     <span class='ocr_line' id='line_1_1' title="bbox 181 430 1131 518; baseline 0.008 -18"><span class='ocrx_word' id='word_1_1' title='bbox 181 454 252 500; x_wconf 75' lang='lat' dir='ltr'><strong>uns.</strong></span> <span class='ocrx_word' id='word_1_2' title='bbox 275 454 328 498; x_wconf 90' lang='lat'><em>111.</em></span> <span class='ocrx_word' id='word_1_3' title='bbox 356 453 403 499; x_wconf 80' lang='lat' dir='ltr'><strong>uu</strong></span> <span class='ocrx_word' id='word_1_4' title='bbox 422 452 557 500; x_wconf 77' lang='lat' dir='ltr'><strong>tronus</strong></span> <span class='ocrx_word' id='word_1_5' title='bbox 576 453 739 518; x_wconf 76' lang='lat' dir='ltr'><strong>vaurms,</strong></span> <span class='ocrx_word' id='word_1_6' title='bbox 763 430 874 502; x_wconf 70' lang='lat' dir='ltr'><strong>ninsu</strong></span> <span class='ocrx_word' id='word_1_7' title='bbox 897 458 1032 513; x_wconf 75' lang='lat' dir='ltr'><strong>xxxm.</strong></span> <span class='ocrx_word' id='word_1_8' title='bbox 1062 432 1131 508; x_wconf 74' lang='grc' dir='ltr'><strong>5ιό</strong></span> 
     </span>
    </p>
   </div>
   <div class='ocr_carea' id='block_1_2' title="bbox 119 560 1239 3485">
    <p class='ocr_par' dir='ltr' id='par_1_2' title="bbox 119 560 1239 3485">
     <span class='ocr_line' id='line_1_2' title="bbox 131 560 1138 670; baseline 0.003 -29"><span class='ocrx_word' id='word_1_9' title='bbox 131 572 240 641; x_wconf 68' lang='lat' dir='ltr'><strong>cirea</strong></span> <span class='ocrx_word' id='word_1_10' title='bbox 257 560 399 638; x_wconf 79' lang='lat' dir='ltr'><strong>lumbos</strong></span> <span class='ocrx_word' id='word_1_11' title='bbox 415 581 450 636; x_wconf 90' lang='lat' dir='ltr'><strong>et</strong></span> <span class='ocrx_word' id='word_1_12' title='bbox 462 565 783 663; x_wconf 81' lang='lat' dir='ltr'><strong>hypocbondrium</strong></span> <span class='ocrx_word' id='word_1_13' title='bbox 795 567 982 655; x_wconf 80' lang='lat' dir='ltr'><strong>dextrum,</strong></span> <span class='ocrx_word' id='word_1_14' title='bbox 999 571 1138 670; x_wconf 86' lang='lat' dir='ltr'><strong>sedpo·</strong></span> 
     </span>
     <span class='ocr_line' id='line_1_3' title="bbox 133 683 1164 780; baseline 0.007 -26"><span class='ocrx_word' id='word_1_15' title='bbox 133 688 458 763; x_wconf 71' lang='lat' dir='ltr'><strong>tissimurrccersus</strong></span> <span class='ocrx_word' id='word_1_16' title='bbox 480 683 693 754; x_wconf 78' lang='lat' dir='ltr'><em>umbilicum</em></span> <span class='ocrx_word' id='word_1_17' title='bbox 711 690 984 780; x_wconf 77' lang='lat' dir='ltr'><em>persentiretur.</em></span> <span class='ocrx_word' id='word_1_18' title='bbox 1008 689 1137 762; x_wconf 80' lang='lat' dir='ltr'><strong>Vallis·</strong></span> <span class='ocrx_word' id='word_1_19' title='bbox 1162 759 1164 768; x_wconf 87' lang='grc'>,</span> 
     </span>
     <span class='ocr_line' id='line_1_4' title="bbox 131 794 1138 902; baseline 0.003 -29"><span class='ocrx_word' id='word_1_20' title='bbox 131 803 270 873; x_wconf 92' lang='lat' dir='ltr'><strong>nerius</strong></span> <span class='ocrx_word' id='word_1_21' title='bbox 283 800 433 871; x_wconf 85' lang='lat' dir='ltr'><strong>tandem</strong></span> <span class='ocrx_word' id='word_1_22' title='bbox 446 815 574 871; x_wconf 88' lang='lat' dir='ltr'><strong>noster</strong></span> <span class='ocrx_word' id='word_1_23' title='bbox 588 799 618 895; x_wconf 78' lang='grc' dir='ltr'><strong>(ι</strong></span> <span class='ocrx_word' id='word_1_24' title='bbox 628 798 662 895; x_wconf 69' lang='lat' dir='ltr'><strong>l,</strong></span> <span class='ocrx_word' id='word_1_25' title='bbox 678 794 742 897; x_wconf 85' lang='lat' dir='ltr'><strong>qui</strong></span> <span class='ocrx_word' id='word_1_26' title='bbox 755 801 881 870; x_wconf 87' lang='lat' dir='ltr'><strong>omnia</strong></span> <span class='ocrx_word' id='word_1_27' title='bbox 895 804 973 900; x_wconf 92' lang='lat' dir='ltr'><strong>ipse</strong></span> <span class='ocrx_word' id='word_1_28' title='bbox 984 829 1138 902; x_wconf 78' lang='lat' dir='ltr'><strong>quoque</strong></span> 
     </span>
     <span class='ocr_line' id='line_1_5' title="bbox 130 916 1139 1019; baseline 0.002 -28"><span class='ocrx_word' id='word_1_29' title='bbox 130 916 340 1016; x_wconf 77' lang='lat' dir='ltr'><strong>diligenter</strong></span> <span class='ocrx_word' id='word_1_30' title='bbox 355 931 655 1014; x_wconf 85' lang='lat' dir='ltr'><strong>estpersecutus‚</strong></span> <span class='ocrx_word' id='word_1_31' title='bbox 676 940 761 988; x_wconf 88' lang='lat' dir='ltr'><strong>cum</strong></span> <span class='ocrx_word' id='word_1_32' title='bbox 781 918 820 987; x_wconf 89' lang='lat' dir='ltr'><strong>in</strong></span> <span class='ocrx_word' id='word_1_33' title='bbox 847 921 1050 1014; x_wconf 86' lang='lat' dir='ltr'><strong>patriasua</strong></span> <span class='ocrx_word' id='word_1_34' title='bbox 1067 924 1139 1019; x_wconf 90' lang='lat' dir='ltr'><strong>pri-</strong></span> 
     </span>
     <span class='ocr_line' id='line_1_6' title="bbox 130 1030 1141 1121; baseline 0.003 -14"><span class='ocrx_word' id='word_1_35' title='bbox 130 1059 263 1119; x_wconf 88' lang='lat' dir='ltr'><strong>mum,</strong></span> <span class='ocrx_word' id='word_1_36' title='bbox 281 1030 416 1105; x_wconf 85' lang='lat' dir='ltr'><strong>deinde</strong></span> <span class='ocrx_word' id='word_1_37' title='bbox 436 1033 497 1104; x_wconf 92' lang='lat' dir='ltr'><strong>bic</strong></span> <span class='ocrx_word' id='word_1_38' title='bbox 515 1034 625 1103; x_wconf 87' lang='lat' dir='ltr'><strong>etiam</strong></span> <span class='ocrx_word' id='word_1_39' title='bbox 645 1034 782 1103; x_wconf 82' lang='lat' dir='ltr'><strong>Patavii</strong></span> <span class='ocrx_word' id='word_1_40' title='bbox 804 1035 1017 1107; x_wconf 87' lang='lat' dir='ltr'><strong>consimiles</strong></span> <span class='ocrx_word' id='word_1_41' title='bbox 1035 1062 1141 1121; x_wconf 77' lang='lat' dir='ltr'><strong>casus</strong></span> 
     </span>
     <span class='ocr_line' id='line_1_7' title="bbox 132 1140 1141 1246; baseline 0 -21"><span class='ocrx_word' id='word_1_42' title='bbox 132 1140 398 1235; x_wconf 60' lang='lat' dir='ltr'><strong>observassem</strong></span> <span class='ocrx_word' id='word_1_43' title='bbox 418 1150 522 1246; x_wconf 87' lang='lat' dir='ltr'><strong>quod</strong></span> <span class='ocrx_word' id='word_1_44' title='bbox 537 1149 584 1238; x_wconf 85' lang='lat' dir='ltr'><strong>ad</strong></span> <span class='ocrx_word' id='word_1_45' title='bbox 599 1149 750 1221; x_wconf 88' lang='lat' dir='ltr'><strong>dolores</strong></span> <span class='ocrx_word' id='word_1_46' title='bbox 767 1151 917 1239; x_wconf 82' lang='lat' dir='ltr'>attinet,</span> <span class='ocrx_word' id='word_1_47' title='bbox 934 1153 1027 1224; x_wconf 89' lang='lat' dir='ltr'><strong>nihil</strong></span> <span class='ocrx_word' id='word_1_48' title='bbox 1039 1154 1141 1225; x_wconf 91' lang='lat' dir='ltr'><strong>aliud</strong></span> 
     </span>
     <span class='ocr_line' id='line_1_8' title="bbox 133 1267 1141 1367; baseline 0.005 -27"><span class='ocrx_word' id='word_1_49' title='bbox 133 1269 315 1367; x_wconf 75' lang='lat' dir='ltr'><strong>scripsit,</strong></span> <span class='ocrx_word' id='word_1_50' title='bbox 333 1268 404 1338; x_wconf 89' lang='lat' dir='ltr'><strong>nisi</strong></span> <span class='ocrx_word' id='word_1_51' title='bbox 423 1268 672 1359; x_wconf 62' lang='lat' dir='ltr'><strong>‹isaevissimos</strong></span> <span class='ocrx_word' id='word_1_52' title='bbox 682 1269 721 1337; x_wconf 89' lang='lat' dir='ltr'><strong>in</strong></span> <span class='ocrx_word' id='word_1_53' title='bbox 733 1268 886 1366; x_wconf 85' lang='lat' dir='ltr'><strong>regione</strong></span> <span class='ocrx_word' id='word_1_54' title='bbox 901 1267 1045 1367; x_wconf 84' lang='lat' dir='ltr'><strong>hepatis</strong></span> <span class='ocrx_word' id='word_1_55' title='bbox 1054 1268 1141 1345; x_wconf 77' lang='lat' dir='ltr'><strong>fuis-</strong></span> 
     </span>
     <span class='ocr_line' id='line_1_9' title="bbox 131 1372 1143 1472; baseline 0.007 -18"><span class='ocrx_word' id='word_1_56' title='bbox 131 1416 153 1454; x_wconf 71' lang='lat' dir='ltr'><strong>s</strong></span> <span class='ocrx_word' id='word_1_57' title='bbox 170 1411 233 1472; x_wconf 87' lang='lat' dir='ltr'><strong>se,</strong></span> <span class='ocrx_word' id='word_1_58' title='bbox 255 1372 291 1456; x_wconf 84' lang='lat' dir='ltr'><strong>et</strong></span> <span class='ocrx_word' id='word_1_59' title='bbox 308 1409 346 1457; x_wconf 91' lang='lat' dir='ltr'><strong>se</strong></span> <span class='ocrx_word' id='word_1_60' title='bbox 363 1383 586 1456; x_wconf 87' lang='lat' dir='ltr'><strong>umbilicum</strong></span> <span class='ocrx_word' id='word_1_61' title='bbox 607 1409 737 1456; x_wconf 83' lang='lat' dir='ltr'><strong>versus</strong></span> <span class='ocrx_word' id='word_1_62' title='bbox 757 1385 974 1458; x_wconf 80' lang='lat' dir='ltr'><strong>extendisse.</strong></span> <span class='ocrx_word' id='word_1_63' title='bbox 991 1417 1008 1452; x_wconf 91' lang='lat'>»</span> <span class='ocrx_word' id='word_1_64' title='bbox 1025 1393 1056 1458; x_wconf 88' lang='lat' dir='ltr'>A</span> <span class='ocrx_word' id='word_1_65' title='bbox 1071 1393 1143 1461; x_wconf 87' lang='lat' dir='ltr'><strong>Va-</strong></span> 
     </span>
     <span class='ocr_line' id='line_1_10' title="bbox 132 1500 1239 1601; baseline -0.005 -26"><span class='ocrx_word' id='word_1_66' title='bbox 132 1518 224 1575; x_wconf 87' lang='lat' dir='ltr'><strong>tcro</strong></span> <span class='ocrx_word' id='word_1_67' title='bbox 245 1500 321 1599; x_wconf 80' lang='lat'><strong>(2),</strong></span> <span class='ocrx_word' id='word_1_68' title='bbox 349 1518 384 1573; x_wconf 90' lang='lat' dir='ltr'><strong>et</strong></span> <span class='ocrx_word' id='word_1_69' title='bbox 402 1517 507 1573; x_wconf 89' lang='lat' dir='ltr'><strong>tanto</strong></span> <span class='ocrx_word' id='word_1_70' title='bbox 531 1502 646 1600; x_wconf 83' lang='lat' dir='ltr'><strong>magis</strong></span> <span class='ocrx_word' id='word_1_71' title='bbox 664 1526 684 1572; x_wconf 87' lang='lat' dir='ltr'><strong>a</strong></span> <span class='ocrx_word' id='word_1_72' title='bbox 702 1501 863 1573; x_wconf 89' lang='lat' dir='ltr'><strong>Bezoldo</strong></span> <span class='ocrx_word' id='word_1_73' title='bbox 880 1501 937 1599; x_wconf 83' lang='lat'><strong>(3)</strong></span> <span class='ocrx_word' id='word_1_74' title='bbox 959 1507 1143 1601; x_wconf 76' lang='lat' dir='ltr'><strong>propositi</strong></span> <span class='ocrx_word' id='word_1_75' title='bbox 1237 1565 1239 1569; x_wconf 79' lang='grc'>,</span> 
     </span>
     <span class='ocr_line' id='line_1_11' title="bbox 130 1618 1142 1716; baseline 0 -23"><span class='ocrx_word' id='word_1_76' title='bbox 130 1643 250 1693; x_wconf 85' lang='lat' dir='ltr'><strong>casus</strong></span> <span class='ocrx_word' id='word_1_77' title='bbox 266 1643 286 1689; x_wconf 90' lang='lat' dir='ltr'><strong>a</strong></span> <span class='ocrx_word' id='word_1_78' title='bbox 307 1643 366 1689; x_wconf 90' lang='lat' dir='ltr'><strong>me</strong></span> <span class='ocrx_word' id='word_1_79' title='bbox 381 1618 555 1690; x_wconf 89' lang='lat' dir='ltr'><strong>consulto</strong></span> <span class='ocrx_word' id='word_1_80' title='bbox 569 1633 656 1690; x_wconf 89' lang='lat' dir='ltr'><strong>sunt</strong></span> <span class='ocrx_word' id='word_1_81' title='bbox 665 1618 899 1716; x_wconf 83' lang='lat' dir='ltr'><strong>praeteritiob</strong></span> <span class='ocrx_word' id='word_1_82' title='bbox 913 1620 1142 1693; x_wconf 86' lang='lat' dir='ltr'><strong>calculorum</strong></span> 
     </span>
     <span class='ocr_line' id='line_1_12' title="bbox 130 1732 1141 1835; baseline 0.002 -28"><span class='ocrx_word' id='word_1_83' title='bbox 130 1734 463 1835; x_wconf 77' lang='lat' dir='ltr'><strong>magnitudinem,</strong></span> <span class='ocrx_word' id='word_1_84' title='bbox 484 1736 549 1831; x_wconf 89' lang='lat' dir='ltr'><strong>qui</strong></span> <span class='ocrx_word' id='word_1_85' title='bbox 570 1750 609 1806; x_wconf 92' lang='lat' dir='ltr'><strong>ut</strong></span> <span class='ocrx_word' id='word_1_86' title='bbox 627 1732 733 1812; x_wconf 82' lang='lat' dir='ltr'><strong>facile</strong></span> <span class='ocrx_word' id='word_1_87' title='bbox 753 1737 791 1805; x_wconf 92' lang='lat' dir='ltr'><strong>in</strong></span> <span class='ocrx_word' id='word_1_88' title='bbox 808 1736 928 1807; x_wconf 87' lang='lat' dir='ltr'><strong>vesica</strong></span> <span class='ocrx_word' id='word_1_89' title='bbox 947 1734 1053 1808; x_wconf 87' lang='lat' dir='ltr'><strong>fellea</strong></span> <span class='ocrx_word' id='word_1_90' title='bbox 1072 1739 1141 1809; x_wconf 90' lang='lat' dir='ltr'><strong>ini·</strong></span> 
     </span>
     <span class='ocr_line' id='line_1_13' title="bbox 134 1852 1143 1951; baseline -0.001 -24"><span class='ocrx_word' id='word_1_91' title='bbox 134 1856 236 1927; x_wconf 89' lang='lat' dir='ltr'><strong>tium</strong></span> <span class='ocrx_word' id='word_1_92' title='bbox 255 1852 477 1940; x_wconf 78' lang='lat' dir='ltr'><strong>habuerint,</strong></span> <span class='ocrx_word' id='word_1_93' title='bbox 498 1877 583 1923; x_wconf 90' lang='lat' dir='ltr'><strong>cum</strong></span> <span class='ocrx_word' id='word_1_94' title='bbox 602 1855 876 1951; x_wconf 87' lang='lat' dir='ltr'><strong>incrementum</strong></span> <span class='ocrx_word' id='word_1_95' title='bbox 894 1867 1019 1924; x_wconf 90' lang='lat' dir='ltr'><strong>tamen</strong></span> <span class='ocrx_word' id='word_1_96' title='bbox 1038 1879 1143 1949; x_wconf 83' lang='lat' dir='ltr'><strong>acce·</strong></span> 
     </span>
     <span class='ocr_line' id='line_1_14' title="bbox 122 1969 1142 2081; baseline 0.002 -37"><span class='ocrx_word' id='word_1_97' title='bbox 122 1975 242 2081; x_wconf 78' lang='lat' dir='ltr'><strong>pisse</strong></span> <span class='ocrx_word' id='word_1_98' title='bbox 262 1973 301 2042; x_wconf 91' lang='lat' dir='ltr'><strong>in</strong></span> <span class='ocrx_word' id='word_1_99' title='bbox 323 1972 507 2044; x_wconf 84' lang='lat' dir='ltr'><strong>intestinis</strong></span> <span class='ocrx_word' id='word_1_100' title='bbox 529 1969 648 2041; x_wconf 90' lang='lat' dir='ltr'><strong>videri</strong></span> <span class='ocrx_word' id='word_1_101' title='bbox 674 1972 841 2068; x_wconf 85' lang='lat' dir='ltr'><strong>possint,</strong></span> <span class='ocrx_word' id='word_1_102' title='bbox 866 1970 913 2041; x_wconf 90' lang='lat' dir='ltr'><strong>ab</strong></span> <span class='ocrx_word' id='word_1_103' title='bbox 935 1969 993 2043; x_wconf 90' lang='lat' dir='ltr'><strong>bis</strong></span> <span class='ocrx_word' id='word_1_104' title='bbox 1017 1975 1142 2069; x_wconf 87' lang='lat' dir='ltr'><strong>potius</strong></span> 
     </span>
     <span class='ocr_line' id='line_1_15' title="bbox 132 2087 1142 2199; baseline -0.002 -36"><span class='ocrx_word' id='word_1_105' title='bbox 132 2114 258 2199; x_wconf 88' lang='lat' dir='ltr'><strong>quam</strong></span> <span class='ocrx_word' id='word_1_106' title='bbox 285 2113 305 2160; x_wconf 93' lang='lat' dir='ltr'><strong>a</strong></span> <span class='ocrx_word' id='word_1_107' title='bbox 338 2089 531 2193; x_wconf 68' lang='lat' dir='ltr'><strong>communi</strong></span> <span class='ocrx_word' id='word_1_108' title='bbox 552 2087 638 2158; x_wconf 88' lang='lat' dir='ltr'><strong>bilis</strong></span> <span class='ocrx_word' id='word_1_109' title='bbox 665 2088 784 2158; x_wconf 85' lang='lat' dir='ltr'><strong>canali</strong></span> <span class='ocrx_word' id='word_1_110' title='bbox 812 2104 901 2158; x_wconf 89' lang='lat' dir='ltr'><strong>tunc</strong></span> <span class='ocrx_word' id='word_1_111' title='bbox 927 2091 1142 2185; x_wconf 88' lang='lat' dir='ltr'><strong>provenisse</strong></span> 
     </span>
     <span class='ocr_line' id='line_1_16' title="bbox 132 2204 1142 2303; baseline -0.009 -18"><span class='ocrx_word' id='word_1_112' title='bbox 132 2210 371 2287; x_wconf 84' lang='lat' dir='ltr'><strong>dicerentur.</strong></span> <span class='ocrx_word' id='word_1_113' title='bbox 403 2210 446 2276; x_wconf 89' lang='lat' dir='ltr'><strong>Et</strong></span> <span class='ocrx_word' id='word_1_114' title='bbox 461 2209 617 2275; x_wconf 83' lang='lat' dir='ltr'><strong>Vaterus</strong></span> <span class='ocrx_word' id='word_1_115' title='bbox 644 2205 796 2301; x_wconf 86' lang='lat' dir='ltr'><strong>quidem</strong></span> <span class='ocrx_word' id='word_1_116' title='bbox 822 2204 1142 2303; x_wconf 76' lang='lat' dir='ltr'><strong>pebementissimc</strong></span> 
     </span>
     <span class='ocr_line' id='line_1_17' title="bbox 131 2317 1142 2421; baseline -0.007 -22"><span class='ocrx_word' id='word_1_117' title='bbox 131 2317 285 2421; x_wconf 61' lang='lat' dir='ltr'><strong>ventris</strong></span> <span class='ocrx_word' id='word_1_118' title='bbox 301 2329 464 2396; x_wconf 82' lang='lat' dir='ltr'><strong>tormina</strong></span> <span class='ocrx_word' id='word_1_119' title='bbox 489 2320 600 2393; x_wconf 87' lang='lat' dir='ltr'><strong>fuisse</strong></span> <span class='ocrx_word' id='word_1_120' title='bbox 630 2319 778 2408; x_wconf 90' lang='lat' dir='ltr'><strong>scribit,</strong></span> <span class='ocrx_word' id='word_1_121' title='bbox 798 2346 882 2417; x_wconf 82' lang='lat' dir='ltr'><strong>quoe</strong></span> <span class='ocrx_word' id='word_1_122' title='bbox 896 2328 1064 2417; x_wconf 86' lang='lat' dir='ltr'><strong>primum</strong></span> <span class='ocrx_word' id='word_1_123' title='bbox 1086 2348 1142 2392; x_wconf 87' lang='lat' dir='ltr'><strong>re·</strong></span> 
     </span>
     <span class='ocr_line' id='line_1_18' title="bbox 125 2430 1142 2545; baseline -0.006 -29"><span class='ocrx_word' id='word_1_124' title='bbox 125 2430 291 2545; x_wconf 76' lang='lat' dir='ltr'><strong>gionem</strong></span> <span class='ocrx_word' id='word_1_125' title='bbox 317 2439 481 2512; x_wconf 83' lang='lat' dir='ltr'><strong>umbilici</strong></span> <span class='ocrx_word' id='word_1_126' title='bbox 504 2452 751 2537; x_wconf 72' lang='lat' dir='ltr'><strong>orteuparunt,</strong></span> <span class='ocrx_word' id='word_1_127' title='bbox 781 2437 1003 2533; x_wconf 82' lang='lat' dir='ltr'><strong>tandemque</strong></span> <span class='ocrx_word' id='word_1_128' title='bbox 1030 2445 1066 2509; x_wconf 81' lang='lat' dir='ltr'><strong>in</strong></span> <span class='ocrx_word' id='word_1_129' title='bbox 1089 2464 1142 2510; x_wconf 86' lang='lat' dir='ltr'><strong>re·</strong></span> 
     </span>
     <span class='ocr_line' id='line_1_19' title="bbox 126 2553 1140 2671; baseline -0.005 -39"><span class='ocrx_word' id='word_1_130' title='bbox 126 2567 254 2671; x_wconf 73' lang='lat' dir='ltr'><strong>gione</strong></span> <span class='ocrx_word' id='word_1_131' title='bbox 288 2557 495 2629; x_wconf 80' lang='lat' dir='ltr'><strong>lumborum</strong></span> <span class='ocrx_word' id='word_1_132' title='bbox 526 2557 772 2627; x_wconf 85' lang='lat' dir='ltr'><strong>substiterunt.</strong></span> <span class='ocrx_word' id='word_1_133' title='bbox 805 2553 987 2626; x_wconf 81' lang='lat' dir='ltr'><strong>Bezbldus</strong></span> <span class='ocrx_word' id='word_1_134' title='bbox 1017 2571 1140 2629; x_wconf 84' lang='lat' dir='ltr'><strong>autem</strong></span> 
     </span>
     <span class='ocr_line' id='line_1_20' title="bbox 128 2670 1140 2781; baseline -0.014 -30"><span class='ocrx_word' id='word_1_135' title='bbox 128 2691 343 2781; x_wconf 86' lang='lat' dir='ltr'><strong>postquam</strong></span> <span class='ocrx_word' id='word_1_136' title='bbox 355 2698 433 2774; x_wconf 81' lang='lat' dir='ltr'><strong>per</strong></span> <span class='ocrx_word' id='word_1_137' title='bbox 442 2698 509 2744; x_wconf 83' lang='lat' dir='ltr'><strong>serr</strong></span> <span class='ocrx_word' id='word_1_138' title='bbox 521 2688 559 2742; x_wconf 89' lang='lat' dir='ltr'><strong>et</strong></span> <span class='ocrx_word' id='word_1_139' title='bbox 572 2671 673 2744; x_wconf 83' lang='lat' dir='ltr'><strong>ultra</strong></span> <span class='ocrx_word' id='word_1_140' title='bbox 688 2696 807 2742; x_wconf 81' lang='lat' dir='ltr'><strong>annos</strong></span> <span class='ocrx_word' id='word_1_141' title='bbox 821 2670 1012 2767; x_wconf 87' lang='lat' dir='ltr'><strong>doloribus</strong></span> <span class='ocrx_word' id='word_1_142' title='bbox 1022 2674 1140 2773; x_wconf 79' lang='lat' dir='ltr'><strong>hypo.</strong></span> 
     </span>
     <span class='ocr_line' id='line_1_21' title="bbox 129 2784 1139 2889; baseline -0.006 -19"><span class='ocrx_word' id='word_1_143' title='bbox 129 2788 319 2870; x_wconf 75' lang='lat' dir='ltr'><strong>cbondrii</strong></span> <span class='ocrx_word' id='word_1_144' title='bbox 335 2791 461 2864; x_wconf 83' lang='lat' dir='ltr'><strong>dextri</strong></span> <span class='ocrx_word' id='word_1_145' title='bbox 475 2816 571 2889; x_wconf 86' lang='lat' dir='ltr'><strong>aegra</strong></span> <span class='ocrx_word' id='word_1_146' title='bbox 594 2796 728 2886; x_wconf 87' lang='lat' dir='ltr'><strong>mirum</strong></span> <span class='ocrx_word' id='word_1_147' title='bbox 744 2784 925 2886; x_wconf 83' lang='lat' dir='ltr'><strong>quantum</strong></span> <span class='ocrx_word' id='word_1_148' title='bbox 943 2787 1060 2863; x_wconf 86' lang='lat' dir='ltr'><strong>fuerat</strong></span> <span class='ocrx_word' id='word_1_149' title='bbox 1077 2792 1139 2864; x_wconf 84' lang='lat' dir='ltr'><strong>de-</strong></span> 
     </span>
     <span class='ocr_line' id='line_1_22' title="bbox 119 2890 1140 3012; baseline -0.004 -25"><span class='ocrx_word' id='word_1_150' title='bbox 119 2890 316 3012; x_wconf 50' lang='lat' dir='ltr'><strong>fatigata,</strong></span> <span class='ocrx_word' id='word_1_151' title='bbox 327 2909 485 3009; x_wconf 89' lang='lat' dir='ltr'><strong>lapidem</strong></span> <span class='ocrx_word' id='word_1_152' title='bbox 492 2908 646 2981; x_wconf 79' lang='lat' dir='ltr'><strong>,tandem</strong></span> <span class='ocrx_word' id='word_1_153' title='bbox 656 2905 767 2979; x_wconf 84' lang='lat' dir='ltr'><strong>luisse</strong></span> <span class='ocrx_word' id='word_1_154' title='bbox 780 2906 966 3003; x_wconf 84' lang='lat' dir='ltr'><strong>dejectum</strong></span> <span class='ocrx_word' id='word_1_155' title='bbox 976 2933 1051 2999; x_wconf 81' lang='lat' dir='ltr'><strong>non</strong></span> <span class='ocrx_word' id='word_1_156' title='bbox 1064 2913 1140 2983; x_wconf 86' lang='lat' dir='ltr'><strong>abs·</strong></span> 
     </span>
     <span class='ocr_line' id='line_1_23' title="bbox 127 3023 1140 3145; baseline -0.004 -40"><span class='ocrx_word' id='word_1_157' title='bbox 127 3023 1140 3145; x_wconf 76' lang='lat' dir='ltr'><strong>quetormitu&#39;bus.Nullumigituaiubiscuuctisobser·</strong></span> 
     </span>
     <span class='ocr_line' id='line_1_24' title="bbox 126 3132 1138 3238; baseline -0.004 -17"><span class='ocrx_word' id='word_1_158' title='bbox 126 3132 353 3221; x_wconf 74' lang='lat' dir='ltr'><strong>¹nationibus</strong></span> <span class='ocrx_word' id='word_1_159' title='bbox 367 3144 523 3214; x_wconf 85' lang='lat' dir='ltr'><strong>indicari</strong></span> <span class='ocrx_word' id='word_1_160' title='bbox 541 3141 711 3212; x_wconf 89' lang='lat' dir='ltr'><strong>dolorem</strong></span> <span class='ocrx_word' id='word_1_161' title='bbox 732 3140 834 3212; x_wconf 88' lang='lat' dir='ltr'><strong>vides</strong></span> <span class='ocrx_word' id='word_1_162' title='bbox 849 3142 913 3238; x_wconf 90' lang='lat' dir='ltr'><strong>qui</strong></span> <span class='ocrx_word' id='word_1_163' title='bbox 935 3142 981 3213; x_wconf 91' lang='lat' dir='ltr'><strong>ad</strong></span> <span class='ocrx_word' id='word_1_164' title='bbox 1001 3146 1138 3219; x_wconf 87' lang='lat' dir='ltr'><strong>cartila-</strong></span> 
     </span>
     <span class='ocr_line' id='line_1_25' title="bbox 124 3256 1134 3368; baseline 0 -32"><span class='ocrx_word' id='word_1_165' title='bbox 124 3267 265 3368; x_wconf 82' lang='lat' dir='ltr'><strong>ginem</strong></span> <span class='ocrx_word' id='word_1_166' title='bbox 276 3258 516 3333; x_wconf 85' lang='lat' dir='ltr'><strong>ensifo&#39;rmem</strong></span> <span class='ocrx_word' id='word_1_167' title='bbox 529 3259 721 3356; x_wconf 79' lang='lat' dir='ltr'><strong>pertineat.</strong></span> <span class='ocrx_word' id='word_1_168' title='bbox 733 3256 804 3328; x_wconf 91' lang='lat' dir='ltr'><strong>Sed</strong></span> <span class='ocrx_word' id='word_1_169' title='bbox 815 3283 938 3356; x_wconf 86' lang='lat' dir='ltr'><strong>neque</strong></span> <span class='ocrx_word' id='word_1_170' title='bbox 953 3259 1134 3338; x_wconf 88' lang='lat' dir='ltr'><strong>indicatus</strong></span> 
     </span>
     <span class='ocr_line' id='line_1_26' title="bbox 125 3375 1212 3485; baseline -0.005 -29"><span class='ocrx_word' id='word_1_171' title='bbox 125 3410 148 3456; x_wconf 91' lang='lat' dir='ltr'><strong>a</strong></span> <span class='ocrx_word' id='word_1_172' title='bbox 165 3378 325 3454; x_wconf 93' lang='lat' dir='ltr'><strong>duobus</strong></span> <span class='ocrx_word' id='word_1_173' title='bbox 338 3375 571 3448; x_wconf 84' lang='lat' dir='ltr'><strong>Hoffmannis</strong></span> <span class='ocrx_word' id='word_1_174' title='bbox 584 3379 602 3445; x_wconf 91' lang='lat' dir='ltr'>J</span> <span class='ocrx_word' id='word_1_175' title='bbox 606 3398 638 3444; x_wconf 87' lang='lat' dir='ltr'><strong>o.</strong></span> <span class='ocrx_word' id='word_1_176' title='bbox 659 3375 862 3463; x_wconf 87' lang='lat' dir='ltr'><strong>Mauricio,</strong></span> <span class='ocrx_word' id='word_1_177' title='bbox 880 3390 917 3446; x_wconf 86' lang='lat' dir='ltr'><strong>et</strong></span> <span class='ocrx_word' id='word_1_178' title='bbox 934 3378 1133 3451; x_wconf 70' lang='lat' dir='ltr'><strong>Friderico.</strong></span> <span class='ocrx_word' id='word_1_179' title='bbox 1208 3470 1212 3485; x_wconf 29' lang='grc' dir='ltr'>Ι</span> 
     </span>
    </p>
   </div>
   <div class='ocr_carea' id='block_1_3' title="bbox 127 3600 273 3620">
    <p class='ocr_par' dir='ltr' id='par_1_3' title="bbox 127 3600 273 3620">
     <span class='ocr_line' id='line_1_27' title="bbox 127 3600 273 3620; baseline -0.027 -3"><span class='ocrx_word' id='word_1_180' title='bbox 127 3600 273 3620; x_wconf 46' lang='grc' dir='ltr'><strong><em>Μ</em></strong></span> 
     </span>
    </p>
   </div>
   <div class='ocr_carea' id='block_1_4' title="bbox 168 3747 864 3951">
    <p class='ocr_par' dir='ltr' id='par_1_4' title="bbox 168 3747 864 3951">
     <span class='ocr_line' id='line_1_28' title="bbox 168 3747 676 3837; baseline -0.024 -24"><span class='ocrx_word' id='word_1_181' title='bbox 168 3753 217 3830; x_wconf 82' lang='lat'><strong>(1)</strong></span> <span class='ocrx_word' id='word_1_182' title='bbox 238 3748 337 3837; x_wconf 61' lang='lat' dir='ltr'><strong>Epist.</strong></span> <span class='ocrx_word' id='word_1_183' title='bbox 352 3767 441 3823; x_wconf 86' lang='lat' dir='ltr'><strong>supra</strong></span> <span class='ocrx_word' id='word_1_184' title='bbox 455 3748 493 3806; x_wconf 86' lang='lat' dir='ltr'><strong>ad</strong></span> <span class='ocrx_word' id='word_1_185' title='bbox 506 3766 535 3804; x_wconf 87' lang='lat' dir='ltr'><strong>n.</strong></span> <span class='ocrx_word' id='word_1_186' title='bbox 552 3747 587 3805; x_wconf 80' lang='lat'><strong>13</strong></span> <span class='ocrx_word' id='word_1_187' title='bbox 599 3749 649 3805; x_wconf 86' lang='lat' dir='ltr'><strong>cit.</strong></span> <span class='ocrx_word' id='word_1_188' title='bbox 673 3820 676 3825; x_wconf 24' lang='grc' dir='ltr'>Ι</span> 
     </span>
     <span class='ocr_line' id='line_1_29' title="bbox 169 3861 864 3951; baseline -0.016 -24"><span class='ocrx_word' id='word_1_189' title='bbox 169 3865 216 3951; x_wconf 80' lang='lat' dir='ltr'><strong>(a)</strong></span> <span class='ocrx_word' id='word_1_190' title='bbox 240 3866 362 3923; x_wconf 86' lang='lat' dir='ltr'><strong>Dissert.</strong></span> <span class='ocrx_word' id='word_1_191' title='bbox 378 3864 514 3939; x_wconf 12' lang='lat' dir='ltr'><strong>quatobs.</strong></span> <span class='ocrx_word' id='word_1_192' title='bbox 528 3863 629 3920; x_wconf 86' lang='lat' dir='ltr'><strong>rariss.</strong></span> <span class='ocrx_word' id='word_1_193' title='bbox 643 3863 746 3921; x_wconf 85' lang='lat' dir='ltr'><strong>calcul.</strong></span> <span class='ocrx_word' id='word_1_194' title='bbox 759 3861 821 3920; x_wconf 86' lang='lat' dir='ltr'><strong>obs.</strong></span> <span class='ocrx_word' id='word_1_195' title='bbox 837 3862 864 3919; x_wconf 83' lang='lat'><strong>3.</strong></span> 
     </span>
    </p>
   </div>
   <div class='ocr_carea' id='block_1_5' title="bbox 169 3975 961 4146">
    <p class='ocr_par' dir='ltr' id='par_1_5' title="bbox 169 3975 961 4146">
     <span class='ocr_line' id='line_1_30' title="bbox 169 3975 675 4068; baseline -0.022 -23"><span class='ocrx_word' id='word_1_196' title='bbox 169 3983 216 4068; x_wconf 71' lang='lat'><strong>(3)</strong></span> <span class='ocrx_word' id='word_1_197' title='bbox 239 3983 319 4040; x_wconf 81' lang='lat' dir='ltr'><strong>Diss.</strong></span> <span class='ocrx_word' id='word_1_198' title='bbox 336 3981 373 4038; x_wconf 83' lang='lat' dir='ltr'><strong>dc</strong></span> <span class='ocrx_word' id='word_1_199' title='bbox 387 3975 561 4052; x_wconf 85' lang='lat' dir='ltr'><strong>eholelitho,</strong></span> <span class='ocrx_word' id='word_1_200' title='bbox 574 3997 632 4037; x_wconf 83' lang='lat' dir='ltr'><strong>cas.</strong></span> <span class='ocrx_word' id='word_1_201' title='bbox 648 3998 675 4036; x_wconf 85' lang='lat'><strong>2.</strong></span> 
     </span>
     <span class='ocr_line' id='line_1_31' title="bbox 900 4071 961 4146; baseline -0.033 0"><span class='ocrx_word' id='word_1_202' title='bbox 900 4071 961 4146; x_wconf 72' lang='lat'><strong>33*</strong></span> 
     </span>
    </p>
   </div>
   <div class='ocr_carea' id='block_1_6' title="bbox 0 0 1294 4514">
    <p class='ocr_par' dir='ltr' id='par_1_6' title="bbox 0 0 1294 4514">
     <span class='ocr_line' id='line_1_32' title="bbox 0 0 1294 4514; baseline 0 0"><span class='ocrx_word' id='word_1_203' title='bbox 0 0 1294 4514; x_wconf 95' lang='lat' dir='ltr'><strong> </strong></span> 
     </span>
    </p>
   </div>
  </div>
 </body>
</html>
