2580 4514
116 410 119 419 .
211 378 270 422 LIB·
297 375 354 423 111.
383 376 431 429 DE
457 373 593 421 MORBIS
618 375 789 438 VENTRIS,
813 377 925 424 EPIST.
955 381 1038 424 XXX.
1073 383 1134 429 111

103 502 121 587 α’
160 515 213 588 que
227 488 432 561 humorem
452 486 672 559 continebat
693 487 739 558 ad
758 489 873 563 libras
891 492 994 564 duas.
1023 500 1139 569 intes-

103 590 123 715 ,ι’
161 608 210 678 tini
221 607 385 679 duodeni
402 607 562 679 interior
581 603 693 679 facies
709 631 807 704 pene
825 624 921 697 tota,
941 594 1141 685 ventriculi

103 762 122 821 ff
162 741 256 798 autem
286 741 366 798 tota
393 725 528 797 eodem
558 724 686 796 colore
714 722 851 805 infecta
878 744 966 800 erat.
995 735 1140 803 Extima

103 894 116 939 ,
162 869 284 943 quoque
296 844 413 941 hujus
427 844 556 915 tunica
569 844 610 912 in
628 836 672 914 ea
688 838 780 916 facie
794 870 869 942 qua
890 850 1040 945 respicit
1060 849 1139 923 dia-

103 950 116 1065 1
162 960 334 1062 phragma,
355 963 599 1060 nigerrimam
628 960 792 1033 habebat
816 964 1022 1054 maculam,
1047 965 1142 1065 digi-

103 1128 112 1175 ,
162 1092 204 1150 tos
223 1096 380 1178 quatuor
399 1068 564 1178 amplam
590 1104 903 1176 quoquoversus:
924 1082 1140 1182 mirumque

103 1250 109 1293 ,
162 1213 218 1269 erat
228 1198 466 1271 intermedias
484 1198 631 1269 tunicas
645 1223 729 1268 non
747 1198 820 1269 alio
837 1223 998 1297 usquam
1013 1201 1140 1276 colore

103 1354 108 1409 ς
162 1337 244 1410 quam
262 1319 425 1404 labacri,
454 1316 590 1387 tinctas
608 1339 686 1388 esse
704 1314 763 1386 vel
789 1341 864 1413 qua
888 1317 943 1387 illi
963 1318 1142 1394 suberant

162 1435 300 1524 maculae,
317 1451 360 1506 ut
374 1433 428 1508 ibi
440 1458 518 1504 non
533 1433 649 1530 nigrae
662 1434 771 1530 ipsae,
790 1435 998 1532 nigerrimo
1014 1453 1141 1511 tamen

161 1553 309 1651 utrinque
324 1553 454 1625 colore
472 1553 801 1650 interciperentur.
896 1592 900 1602 ·

106 1688 110 1697 ·
198 1692 234 1767 ¹7·
254 1671 403 1743 Macula
427 1669 505 1741 haec
522 1693 767 1768 gangrenosa
785 1666 940 1743 fortasse
970 1669 1050 1744 luit.
1076 1677 1140 1746 Ni·

159 1786 321 1880 gedinam
335 1805 461 1862 autem
478 1791 669 1861 internam
695 1789 895 1859 ventriculi
913 1804 949 1860 et
970 1791 1142 1864 duodeni
1214 1859 1219 1866 .

158 1900 299 1981 intestini
312 1925 362 1980 ne
377 1931 658 2007 gangraeuosam
683 1907 948 1978 tantummodo
968 1908 1120 1980 credam

157 2016 267 2099 humor
282 2024 394 2115 lacit,
419 2027 488 2124 qui
508 2026 560 2098 sie
583 2027 730 2123 tingere
753 2049 822 2122 per
847 2050 885 2097 se
910 2041 1075 2124 poterat,
1096 2033 1136 2100 iu

155 2146 336 2225 ventriculo
347 2160 521 2244 repertus
532 2150 624 2240 etex
636 2158 743 2242 parte
758 2143 920 2238 ejectus,
935 2149 1135 2222 atramenti

153 2257 349 2336 minimus.
376 2265 499 2353 Quem
525 2263 557 2334 si
575 2261 692 2335 bilem
717 2277 836 2333 atram
863 2259 978 2334 fuisse
1003 2281 1134 2361 putes,

153 2377 322 2455 miraberis
343 2380 458 2481 paulo
483 2381 610 2475 minus
641 2378 808 2450 hominis
834 2397 1017 2467 mortem,
1047 2408 1134 2455 cum

151 2496 382 2598 Hippocratiei
395 2499 606 2598 aphorismi
622 2484 685 2595 (i)
713 2498 948 2585 memineris,
964 2499 1062 2573 hanc
1079 2503 1135 2572 illi

149 2618 438 2709 prenunciantis,
463 2622 525 2688 cui
543 2621 722 2717 protinus
748 2621 786 2686 in
814 2623 953 2718 receuti
981 2621 1133 2707 morbo,

147 2730 208 2808 bila
239 2753 328 2809 atra
354 2733 420 2809 vel
447 2738 549 2828 infra
579 2735 646 2806 uel
668 2759 786 2834 supra
817 2760 855 2805 se
882 2736 1060 2826 ostendit,
1091 2753 1134 2811 ut

146 2853 221 2928 Celsi
241 2855 306 2954 (a)
332 2856 511 2956 versione⁴
533 2869 695 2925 utamur.
719 2853 792 2923 Sed
812 2853 1006 2924 undenam
1029 2870 1134 2929 tanta

141 2966 194 3044 ista
218 2971 379 3073 nigredo
399 2973 493 3052 lAn
508 2972 559 3043 ab
579 2967 698 3044 effusa
720 2970 761 3040 in
787 2970 881 3042 illud
911 2972 1132 3047 intestinum

139 3082 198 3165 lile
211 3116 296 3191 quae
309 3114 379 3189 per
396 3111 434 3163 se
448 3105 545 3164 esset
558 3089 787 3189 nigerrima?
798 3087 937 3161 Videre
952 3091 1054 3161 enim
1069 3118 1134 3190 po

137 3218 180 3283 les
194 3209 291 3283 incl.
307 3210 480 3280 virorum
497 3208 616 3281 Budei
632 3207 686 3304 (3)
706 3224 742 3278 et
759 3207 912 3280 Scoberi
931 3207 1132 3306 (19011511-

135 3326 357 3415 rationibus,
374 3326 471 3399 fellis
487 3326 692 3399 vesiculam
707 3349 902 3422 magnam,
921 3327 1052 3400 eadem
1067 3330 1131 3403 illa
