2580 4514
140 363 212 452 466
308 386 354 431 na
381 383 526 430 sumnus
551 384 595 429 rr
620 383 744 431 ciusrs
769 381 989 434 monacnum

138 499 211 571 bus
237 495 558 596 comprobabitur.
578 495 646 568 Ille
667 498 768 569 enim
781 499 916 572 Veteri
942 500 1133 598 pellucidus

140 618 320 704 calculus,
344 617 411 714 qui
434 639 547 713 supra
569 613 624 711 (ι)
645 614 797 688 anobis
822 632 881 689 est
900 636 1133 707 memoratus,

139 762 218 819 non
237 734 351 807 modo
364 735 403 804 in
419 729 616 831 superficie
634 732 742 805 strias
754 731 894 808 salinas
913 738 1134 810 tenuissimas

138 857 319 927 micantes
334 851 509 939 habebat,
527 851 593 923 sed
610 866 647 922 et
656 856 815 923 strictim
831 870 1035 928 concretus
1051 872 1133 929 erat:

139 988 203 1045 aut
222 973 252 1045 si
269 971 362 1069 quid
377 971 418 1040 iu
431 969 505 1040 hoc
521 967 616 1040 forte
632 967 737 1041 dubii
754 984 830 1058 est,
849 971 954 1044 nihil
970 958 1136 1047 certeetit

136 1096 177 1164 in
211 1090 462 1188 descriptione
489 1086 771 1184 etimagiuibus
798 1088 961 1162 illorum
987 1092 1136 1185 duorum

138 1234 236 1307 quos
257 1234 302 1279 ex
323 1204 509 1278 Morando
528 1188 778 1297 indicavimus
793 1202 866 1302 (a).
887 1211 1037 1281 Eorum
1054 1211 1136 1283 enim

138 1340 299 1423 uterque
317 1322 555 1422 splendidas,
571 1319 824 1419 pellucidasve
837 1322 1016 1423 lamellas
1028 1326 1136 1415 habet,

137 1442 232 1515 alter
249 1440 405 1538 quidem
423 1464 509 1512 cum
526 1439 650 1529 stratis
663 1439 938 1537 circumjectis,
959 1445 1136 1518 altervero

137 1561 217 1634 siue
236 1560 314 1647 his;
332 1557 503 1630 radiatim
521 1582 542 1628 a
560 1571 693 1629 centro
712 1556 759 1628 ad
780 1558 978 1633 ambitum
1005 1580 1137 1637 conten·

137 1677 279 1750 dentes.
300 1681 344 1747 Et
357 1700 480 1773 nuper
499 1676 551 1746 ill.
573 1674 744 1748 Hallerus
757 1674 812 1771 (3)
832 1677 932 1753 alios
957 1682 1138 1782 proposuit

139 1792 307 1889 crystalli
320 1792 433 1865 modo
456 1802 634 1865 micantes
658 1808 696 1864 et
710 1783 1045 1893 semipelluct'dos,
1061 1824 1138 1900 quo-

139 1937 225 1983 rum
243 1911 377 1997 unius,
401 1926 536 2009 sponte
555 1912 677 2010 rupti,
697 1911 911 1986 substantia
928 1917 1080 1993 interna
1097 1944 1137 1991 so

143 2029 291 2101 lenitica
307 2036 434 2127 quari,
455 2034 618 2117 micans,
640 2044 689 2100 es'c
706 2045 831 2113 centro
839 2035 959 2129 flavo
978 2037 1138 2111 radiatur

140 2163 349 2221 extrorsum
359 2161 540 2246 porrecta
555 2145 611 2217 ad
621 2153 813 2235 corticem,
831 2153 872 2219 in
892 2171 1045 2229 crustas
1054 2153 1139 2229 etla-

135 2265 417 2356 *minulosfocto
427 2278 519 2335 erat.
534 2263 686 2360 Reliqui
692 2264 866 2339 minores
874 2271 1138 2345 similiternus

124 2381 302 2481 'selercitae
321 2379 433 2452 modo
451 2379 646 2468 luminosi,
665 2379 864 2479 splendidi.
933 2380 939 2387 ’

190 2506 247 2589 24.
274 2503 336 2570 11ae
350 2498 634 2585 observationes
651 2516 783 2573 omues
794 2504 885 2573 cum
900 2507 989 2580 aliis
999 2509 1140 2605 juncta,

111 2679 115 2688 .
140 2641 234 2715 quas
254 2616 301 2687 de
322 2615 548 2714 splendidis,
567 2617 850 2716 pellucidisque-
874 2625 999 2720 cystis
1025 2627 1140 2727 lapillis

140 2750 248 2807 antea
266 2735 320 2830 (4)
338 2737 741 2826 commemoravimus,
758 2746 794 2809 te
811 2736 862 2811 ad
880 2744 1139 2842 suspicandum

138 2850 244 2926 facile
262 2851 471 2940 inducent,
502 2852 666 2925 calculos
689 2854 819 2951 plures
843 2861 961 2933 exiis
985 2865 1054 2962 qui
1072 2863 1139 2935 alvo

138 2969 275 3067 dejecti
292 2984 397 3058 sunt,
414 2994 493 3040 non
509 2971 645 3066 cystis,
665 2970 731 3043 sed
744 2974 972 3069 ventriculi,
991 2997 1032 3055 et
1046 2982 1138 3054 intes·

132 3089 302 3163 tinorum
314 3085 427 3161 fuisse
439 3112 683 3187 praepropere
694 3090 942 3185 existimatos,
950 3115 1136 3198 propterca

138 3208 228 3303 quia
244 3206 392 3303 amagis
401 3207 552 3304 vulgata
564 3208 805 3303 cysticorum.
815 3226 975 3305 natura,
988 3232 1135 3291 structu·

136 3346 254 3419 raque
266 3323 377 3395 nimis
390 3323 519 3396 abesse
531 3323 760 3405 viderentur.
774 3331 960 3407 Occurrit
970 3335 1013 3407 in
1023 3333 1134 3435 primis
