2654 4508
162 401 230 447 LIB.
251 399 304 443 111.
334 397 379 441 DE
406 391 540 440 Mottms
561 389 731 453 VENTRIS,
755 390 866 436 nrlsr.
888 392 1008 438 xxxv1.
1037 368 1107 467 379

114 513 234 586 multo
252 511 290 579 in
312 508 407 589 liene
424 503 680 602 frequentiuS,
703 517 745 574 ut
761 529 839 573 non
855 503 975 573 solum
995 520 1050 576 tot
1066 509 1112 578 in-

113 626 357 725 Sepulchreto
388 623 554 694 indicata
582 620 860 693 observationes
885 623 1125 712 ostendunt,'

114 745 178 821 sed
199 759 235 816 et
255 743 331 813 aliae
350 743 485 839 passim
508 738 609 836 apud
634 754 825 813 anatomes
845 740 1044 837 scriptores
1060 739 1108 811 fa·

114 862 182 934 cile
213 854 710 958 reperiendaekconfirmant.
741 861 871 954 Itaque
897 881 941 927 ex
969 860 1107 930 nostris

115 1004 267 1076 qnoque
300 1001 377 1046 non
405 975 643 1072 paucissimas
664 975 703 1043 in
729 973 912 1071 epistolis,
933 974 1022 1046 alias
1046 991 1108 1047 aut

111 1096 231 1167 missis
250 1093 307 1191 (1)
324 1109 387 1163 aut
399 1090 590 1163 mittendis
605 1092 782 1162 invenies.
804 1092 889 1160 Non
907 1091 1001 1162 illud
1022 1095 1107 1189 qni·

114 1211 198 1282 dem
214 1210 426 1308 negaverim
443 1208 482 1279 id
497 1210 629 1305 saepius
643 1208 683 1279 in
702 1206 853 1280 senibus
870 1232 982 1306 quam
1000 1209 1039 1279 in
1048 1210 1108 1304 J'u·

113 1327 271 1400 venibns
296 1326 566 1415 animadverti,
591 1327 755 1423 itemque
777 1327 816 1396 in
842 1330 967 1396 tunica
984 1328 1110 1423 potius

112 1471 227 1542 quam
248 1447 345 1514 intra
366 1443 474 1515 hanc.
497 1438 828 1532 111111111111111111,
850 1459 913 1516 aut
934 1459 1033 1516 certe
1050 1456 1108 1516 111·

111 1563 229 1633 terius
246 1575 332 1658 post
349 1560 493 1658 primos
509 1560 615 1647 illos,
634 1560 945 1658 Andernacum(n
926 1559 980 1656 1),
996 1564 1108 1632 Vesa-

112 1679 204 1748 lium
229 1674 702 1776 (3),811111111111111(4),4111
733 1677 903 1776 plerique
926 1677 1109 1749 adnotare

113 1810 368 1891 perrexerunt.
388 1799 526 1866 Tamen
540 1806 580 1867 et
590 1821 629 1865 1n
637 1795 838 1891 Juvembns
856 1795 930 1867 hoc
939 1794 1110 1893 ahqttan
1129 1842 1132 1847 -

114 1911 163 1982 do
181 1928 426 2010 conspectum
444 1928 519 2000 est,
539 1927 582 1984 ut
600 1938 621 1984 a
638 1912 683 1983 cl.
702 1917 871 1984 Fantono
888 1911 932 2012 (5
962 1929 997 1984 11
1012 1937 1031 1984 a
1049 1938 1110 1985 me

101 2028 123 2098 'i
128 2055 196 2127 pso
209 2030 263 2127 (6)
276 2058 283 2100 :
300 2057 424 2129 neque
438 2030 717 2104 observationes
730 2031 865 2104 desunt
886 2057 967 2129 quae
986 2047 1109 2104 osten·

113 2146 204 2219 dant
230 2150 327 2219 intra
353 2150 519 2220 tunicam
548 2174 712 2247 quoque.
734 2149 889 2222 Carolus
915 2151 1015 2220 enim
1035 2155 1111 2221 Ste·
1158 2218 1163 2229 ,

112 2264 259 2360 phanus
277 2264 331 2361 (7)
356 2266 446 2336 olim
472 2266 668 2338 admonuit
690 2266 825 2337 lienem
854 2266 905 2338 ob
931 2266 970 2338 id
999 2269 1109 2339 etiam

113 2406 192 2452 esse
209 2382 280 2451 alte
296 2382 564 2471 incidendum,
584 2397 626 2456 ut
640 2389 674 2453 si
693 2389 760 2480 qui
780 2389 854 2455 sint
872 2389 910 2454 in
928 2387 1007 2480 ejas
1029 2386 1111 2455 sab·
1156 2480 1159 2487 ¹
1224 2462 1227 2468 ,

110 2503 255 2566 stantia
269 2497 403 2567 calculi
390 2497 431 2594 ι(
446 2512 488 2569 at
500 2522 768 2597 nonnunquam
782 2507 919 2598 reperti
928 2502 1039 2597 sant)
1054 2508 1111 2574 oi-

111 2613 291 2684 deamas:
310 2628 345 2684 et
358 2628 399 2684 tu
412 2614 473 2685 hic
488 2614 612 2713 leges
604 2643 644 2688 1n
662 2612 923 2714 Sepulchreto
917 2616 1111 2712 (8)1111111-
1112 2635 1115 2641 ’

113 2746 194 2800 tum
215 2732 254 2800 in
274 2712 401 2828 splede
420 2722 590 2804 formosae
606 2731 751 2806 feminoe
770 2748 806 2805 et
829 2732 975 2828 hujus
962 2737 1111 2830 Juvenis

113 2847 275 2945 lapzdem
312 2865 501 2919 castaneae
531 2849 818 2947 magnitudine.
846 2851 1010 2922 sectione
1045 2874 1111 2920 su-

215 3240 308 3314 Epist
322 3261 356 3310 7,
371 3260 400 3294 n.
414 3259 433 3314 9
445 3250 474 3296 et
490 3260 535 3295 11.
550 3241 643 3314 Epist.
664 3258 715 3311 ιο,
730 3261 760 3298 n.
777 3261 822 3317 19.
836 3242 931 3318 Epist.
945 3247 1000 3316 14,
1015 3262 1045 3299 n.
1062 3242 1107 3301 18.

213 3340 302 3413 Apud
313 3340 437 3395 Bauhin.
449 3341 567 3397 Theatr.
579 3352 658 3397 anat.
672 3343 691 3396 l.
709 3363 741 3413 1,
755 3363 782 3400 1.
795 3344 833 3410 43
843 3343 876 3400 in
887 3343 989 3401 adnot.

214 3442 257 3493 De
269 3438 344 3494 fabr.
358 3437 439 3493 hum.
454 3459 536 3514 corp.
551 3443 570 3495 1.
587 3440 602 3496 5
610 3483 621 3509 ,
636 3461 662 3496 1.
675 3461 703 3516 9.

152 3238 194 3314 ()

149 3336 193 3414 (1

151 3439 193 3512 11

151 3535 161 3571 t
182 3536 257 3612 )De
273 3540 430 3592 reanat.l.
445 3537 472 3594 5.
573 3554 575 3558 ·

183 3640 193 3711 1

183 3737 193 3808 1

182 3835 193 3908 1

183 3932 194 3977 1

167 3258 178 3293 1

164 3357 179 3392 1

164 3439 180 3492 3

152 3541 179 3609 1

213 3639 258 3691 De
271 3637 334 3692 obs.
347 3637 424 3692 med.
439 3649 515 3694 anat.
529 3639 622 3715 Epist.
635 3640 667 3711 8,
682 3659 711 3695 n.
726 3659 770 3696 ro.

216 3735 310 3808 Epist.
328 3743 381 3804 14,
397 3755 427 3791 n.
445 3737 487 3792 18.

214 3835 258 3888 De
267 3834 383 3889 dissent.
396 3847 475 3908 part.
488 3855 570 3913 corp.
584 3839 666 3896 1111111.
680 3841 699 3895 t
717 3841 749 3908 3,
763 3857 788 3894 c.
804 3844 840 3904 1ο
849 3839 903 3894 ubi
912 3837 949 3895 de
960 3838 1046 3897 liene.

215 3935 320 3990 Sect.⁷
310 3933 359 4005 16,
374 3935 437 3991 obs.
456 3955 504 3999 no.¹

152 3633 180 3708 (5

164 3736 181 3789 6

163 3853 177 3903 7

164 3933 181 3987 8

150 3736 162 3808 1

150 3832 161 3907 1

150 3931 189 4010 1
