2580 4514
32 433 37 451 ,
98 393 166 439 nm.
187 392 241 439 111.
262 393 307 438 na
324 391 459 440 uoams
478 395 648 460 vaurms,
665 397 775 443 nrrsr.
795 400 945 448 xxxvur.
973 379 1041 450 621

47 502 170 579 multo
188 510 396 577 maximam.
423 511 511 579 Erat
536 508 575 578 id
602 508 778 579 columba
803 515 951 602 vetula,
976 541 1046 586 ova

46 641 174 697 tamen
190 627 395 703 etiamtum
415 626 549 712 edens,
576 650 760 722 quaecum
783 618 969 701 sanissima
991 635 1046 702 vi-

46 743 220 829 deretur,
241 743 287 815 de
312 745 514 841 improviso
537 745 576 811 iu
603 741 694 813 nido
723 731 871 815 mortua
896 748 1047 819 inventa

44 859 180 933 fuerat.
199 863 414 959 Repentinae
432 861 563 930 mortis
585 883 754 948 causam,
779 886 864 931 cum
887 870 1047 936 exterius

46 979 154 1049 nulla
177 995 393 1076 appareret,
418 977 574 1048 interius
611 1002 800 1074 quaerens,
830 979 1046 1070 cerebrum,

45 1097 266 1194 pulmones,
282 1120 348 1166 cor
367 1120 455 1166 sana
479 1091 730 1180 offenderam,
752 1096 822 1166 nisi
853 1097 957 1192 quod
978 1096 1047 1168 hu-

41 1215 153 1309 jusce
176 1214 374 1284 ventriculi
407 1212 563 1282 omnino
587 1227 693 1282 erant
720 1215 829 1283 vacui
859 1229 896 1285 et
924 1216 1046 1310 ipsum

45 1355 238 1428 exangue,
258 1353 342 1400 cum
365 1329 528 1426 denique
548 1328 595 1399 ad
612 1329 720 1423 jecur
743 1332 984 1426 perveniens,
1011 1347 1047 1403 et

46 1445 164 1542 hujus
177 1449 231 1519 rei
252 1464 288 1518 et
307 1449 438 1518 mortis
457 1468 605 1517 causam
618 1447 799 1549 perspexi.
816 1452 927 1518 Jecur
946 1451 1046 1519 euim

46 1579 130 1635 erat
148 1564 343 1635 lividulum
366 1579 401 1635 et
425 1564 464 1633 in
483 1588 638 1634 summu
653 1565 856 1660 nigricans,
878 1581 914 1635 et
939 1586 1047 1662 aequo

47 1681 213 1768 mollius,
240 1697 429 1780 ruptoque
461 1680 513 1752 ibi
542 1705 678 1778 magno
703 1706 787 1752 vase
811 1680 1046 1780 sanguifem,

44 1798 256 1897 plurimum
275 1801 490 1896 sanguinem
512 1797 748 1894 profuderat,
767 1800 863 1870 circa
881 1801 974 1871 illud
989 1803 1047 1899 ip-

47 1941 131 1989 sum
142 1919 279 2005 viscus,
296 1919 467 2014 interque
486 1918 661 1989 intestina
684 1934 920 1989 concretum:
934 1924 1046 1992 Acce-

47 2035 202 2106 leratam
220 2060 300 2105 eam
321 2036 416 2106 vasis
431 2035 705 2131 disruptionem
727 2035 888 2123 credidi,
905 2062 925 2106 a
942 2061 1046 2132 prese

48 2153 155 2222 sione
175 2154 336 2248 ingentis
352 2152 538 2247 hydatidis
551 2152 597 2219 de
613 2175 688 2246 qua
697 2151 826 2251 ¹dicere
837 2153 913 2245 jam
930 2177 1048 2250 coepe-

44 2291 142 2339 ram.
159 2271 374 2336 Extremum
395 2267 553 2337 alterurn
573 2264 805 2361 baecqffitt'timae
822 2269 937 2337 orarii
959 2269 1046 2341 sub-

45 2384 190 2456 stantiae
210 2381 364 2452 infixum
382 2381 561 2469 habebat,
577 2397 619 2452 ut
636 2364 800 2454 minores
815 2384 893 2454 aliae
906 2384 951 2454 de
963 2387 1047 2482 qui-
1138 2462 1140 2465 ,

45 2501 121 2573 bus
140 2528 226 2572 mox
242 2502 413 2572 dicetur:
431 2525 499 2599 per
511 2497 746 2598 superficiem
760 2516 883 2571 autem
904 2501 1046 2573 discur-

45 2622 169 2692 rentia
207 2616 414 2718 sanguifera
448 2638 552 2705 vasa,
588 2620 690 2688 intus
720 2643 811 2689 vero
841 2619 1045 2691 subssavam

47 2763 209 2834 aquam,
229 2752 307 2807 non
323 2762 416 2821 una,
432 2751 616 2833 quantum
631 2738 794 2808 ¹euterius
803 2736 962 2832 judicari
980 2765 1045 2836 po·

45 2869 163 2941 terat,
183 2879 292 2924 cavea
306 2853 637 2951 comprehensam,
657 2853 780 2924 sedin
795 2854 944 2942 multas,
965 2882 1047 2953 quae
1137 2892 1140 2899 ·

45 2971 421 3069 transpiciehautur,
443 2971 595 3043 cellulas
609 2970 788 3041 divisam.
820 2972 1046 3053 Membrana

45 3089 142 3186 ipsi,
160 3068 372 3184 hydatidem
393 3086 591 3187 efficienti,
611 3087 657 3157 ad
678 3088 770 3159 illud
786 3087 832 3159 de
852 3115 929 3184 quo
949 3089 1047 3180 dixi,

47 3209 258 3276 extremum
278 3205 394 3276 vitelli
410 3206 554 3302 aliquot
565 3207 701 3275 minuti
720 3205 968 3295 inherebant,
984 3233 1047 3280 cae·

44 3338 216 3396 terorum
241 3322 379 3419 quibus
411 3325 580 3393 orarium
612 3323 793 3412 scatebat,
817 3327 1044 3422 persimiles:

45 3439 108 3510 his
136 3455 260 3511 tamen
274 3439 454 3511 duriores
483 3440 677 3536 aliquanto
699 3456 820 3529 eraut,
854 3444 1046 3540 magisque

45 3556 96 3629 ad
112 3557 323 3628 albedinem
340 3556 582 3628 inclinabant.
610 3563 663 3628 Ex
686 3560 813 3629 ovario
833 3576 967 3657 praeter
994 3561 1046 3628 vi-

43 3673 181 3746 tellum
200 3700 316 3744 unum
334 3676 515 3772 majorem
530 3689 567 3746 et
581 3676 734 3772 jamjam
751 3700 947 3762 casurum,
959 3697 1047 3746 non-

45 3791 161 3862 nullae
174 3791 252 3862 aliae
270 3791 720 3890 pendebantbydatides,
742 3792 899 3863 omnino
924 3795 1047 3865 cousi-

44 3910 156 3981 miles
175 3909 394 4008 descriptae-,-
415 3911 487 3985 nisi
509 3911 611 4007 quod
627 3910 747 4008 triplo·
758 3911 906 3983 circiter
922 3913 1047 3981 mino·
