2580 4514
165 367 235 416 ms.
258 369 316 415 111.
338 369 392 415 -mz
417 365 741 431 nonsummum,
768 368 879 416 umss.
899 370 1032 417 xxxin.
1062 346 1127 423 231

119 496 255 555 caetera
273 482 437 555 exterius
459 478 638 553 adhibita.
657 481 777 571 Quin,
805 497 961 579 excepto
986 484 1132 557 iucom-

119 597 235 669 modo
257 623 338 671 non
360 597 457 671 adeo
475 599 599 696 graui,
629 614 666 670 et
689 598 794 695 quod
820 623 934 675 mauu
958 624 1056 700 opus
1078 619 1132 677 est

119 731 230 787 nauta
242 713 291 787 ad
310 716 554 796 instrumenti
565 717 857 814 repositionem,
877 743 957 796 non
974 742 1132 816 prorsus

119 829 256 905 inutile
273 832 349 903 hoc
368 831 594 911 crediderim
607 835 707 905 inter
725 836 831 905 initia
847 837 1052 932 praesertim
1065 837 1135 907 hu-

119 943 286 1039 iusmodi
304 950 588 1027 relaxationtun.
605 953 773 1049 Cogitari
787 953 900 1029 etiam
913 968 1063 1050 posset,
1077 980 1130 1024 -an

122 1087 191 1161 pto
218 1067 387 1167 ingluvie
415 1068 499 1159 illa,
517 1070 699 1145 intestino
720 1071 775 1141 uti
801 1084 993 1169 prostaret
1024 1069 1132 1148 molli

125 1204 162 1261 tc
194 1185 376 1259 tenuibus
402 1187 541 1265 tunicis
568 1186 725 1286 praedito
746 1185 848 1259 bruti
875 1187 1060 1282 alicujus,
1087 1211 1131 1262 et

126 1298 358 1402 longitudine
389 1319 428 1377 et
459 1304 658 1377 latitudine
688 1330 764 1402 qua
791 1307 942 1393 liceret,
971 1328 1013 1375 ac
1032 1329 1130 1403 opus

125 1437 235 1510 esset,
255 1437 356 1494 arcte
373 1423 476 1496 intus
496 1424 624 1495 clauso
641 1422 689 1495 ad
707 1424 880 1522 superius
899 1423 1132 1533 extremum,

122 1537 212 1612 illito
232 1555 360 1613 autem
380 1541 545 1617 exterius
562 1566 610 1613 eo
632 1541 801 1614 remedio
831 1539 935 1638 qnod
954 1555 1042 1638 post
1059 1541 1133 1613 alvi

121 1657 428 1735 exonerationem
445 1654 542 1728 infra
560 1656 615 1755 (1)
634 1655 935 1735 commendaho;
953 1656 1060 1753 quod
1079 1658 1134 1727 'm-

119 1774 301 1853 tostinum
328 1773 396 1849 ubi
423 1774 475 1847 sic
503 1776 590 1847 satis
608 1776 819 1851 immissum
850 1790 966 1862 esset,
991 1774 1132 1870 injecto

119 1915 208 1963 mox
223 1915 311 1963 aere
325 1907 391 1963 aut
405 1893 518 1965 ctiam
537 1889 729 1963 interdum
743 1891 905 1963 humore
920 1890 1070 1989 aliquo,
1083 1891 1131 1963 ab

119 2035 156 2083 re
172 2035 258 2081 non
274 2009 420 2097 alieno,
439 2011 591 2107 penitus
608 2009 774 2083 distendi
789 2023 937 2107 posset,
950 2024 1015 2081 aut
1032 2023 1133 2083 certe

119 2125 326 2212 hactenus,
345 2140 388 2197 ut
405 2125 610 2222 dejiciendi
633 2125 878 2224 cupiditatem
896 2150 976 2196 non
1002 2151 1132 2197 move·

119 2258 185 2317 ret
205 2246 295 2314 Non
314 2242 391 2319 hoe
408 2241 554 2317 facilius
569 2242 1013 2351 simulqueiunoccntius
1027 2243 1132 2315 inve·

119 2361 200 2435 nire
210 2361 391 2439 auxilium
401 2362 570 2459 proclive
580 2359 736 2438 fortasse
748 2378 803 2441 est
812 2361 860 2432 ad
869 2360 1130 2458 reponendam

119 2479 435 2578 retinendamque
461 2481 501 2553 in
535 2482 660 2553 nativa
686 2479 773 2553 sede
801 2479 1003 2550 relaxatam
1031 2479 1131 2550 tuni-

119 2621 220 2687 cam,
236 2599 406 2696 ipsumve
414 2599 652 2689 intestinum,
662 2613 705 2670 ut
716 2597 788 2670 hac
801 2599 948 2668 ratione
958 2596 1129 2669 levamen

119 2715 217 2793 illius
236 2716 397 2791 vinculis
412 2713 610 2807 afferatur,
627 2716 730 2795 unde
750 2730 936 2813 quantum
958 2729 1130 2811 possunt,

119 2858 157 2909 sc
183 2835 384 2907 restituant
409 2836 583 2933 viresque
606 2835 799 2933 recipiant.
827 2838 1010 2905 Caeterum
1034 2833 1131 2905 sicut

119 2952 220 3031 inter
239 2951 345 3023 initia
358 3006 368 3040 ‚
380 2967 423 3024 ut
437 2953 540 3042 dixi,
559 2952 704 3051 aliquid
720 2951 891 3029 utilitatis
907 2948 995 3020 inde
1009 2972 1131 3047 spera-

119 3070 152 3143 ti
179 3093 292 3168 posse
319 3070 547 3160 crederem,
588 3086 626 3143 et
650 3071 734 3170 plus
757 3084 858 3144 certe
886 3092 1001 3165 quam
1025 3091 1048 3139 a
1078 3082 1134 3139 tu·

119 3187 281 3276 tundis,
302 3214 396 3287 quas
414 3189 478 3262 alii
497 3190 627 3263 eadem
648 3214 713 3289 spe
738 3187 936 3276 adhibent,
955 3185 1133 3261 remediis

119 3307 462 3387 somoborantibus
481 3307 648 3381 imbutas
666 3324 702 3380 et
721 3308 853 3394 illitas,
875 3306 928 3378 sic
945 3319 1130 3403 quantum

119 3424 314 3522 expectari
327 3422 498 3503 indidem
524 3439 652 3523 posset
670 3426 710 3495 in
735 3422 873 3499 morbo
904 3424 1133 3509 inveterato,

119 3566 200 3615 non
215 3541 345 3615 videre
360 3567 421 3615 me
435 3540 564 3617 fateor.

155 3848 203 4009 (i)
223 3931 263 3989 n.
280 3931 329 3988 ιδ.
