2580 4514
145 354 216 441 254
286 378 356 424 nr
389 376 534 423 srnrrus
558 378 602 422 rr
627 375 751 423 ctnsrs
776 376 987 424 noaronmt

145 515 270 588 nuper
294 489 434 588 laganis
460 474 616 587 aliisque
636 489 822 584 ejusmodi
846 499 981 563 crassis
999 516 1042 563 ex
1063 491 1118 565 sut

140 624 222 679 acta
238 605 357 678 farina
380 605 520 677 eduliis
546 605 762 703 implesset,
781 607 1005 688 intestinum
1022 608 1118 713 eodm

144 723 388 797 relaberetur.
410 728 527 794 Exeo
552 722 635 807 die,
652 724 720 820 qui
744 721 815 794 fnit
840 724 964 822 pridie
991 725 1062 819 ltal.
1076 750 1118 796 no

143 840 317 913 rembres
351 841 440 911 anni
486 838 602 937 1705,
630 841 839 912 vomitione
860 842 1004 941 corripi
1038 843 1118 940 coepit
1154 898 1158 913 .

144 983 277 1028 amarae
295 960 466 1029 materiae.
488 961 571 1028 Huc
583 956 644 1026 die
663 957 789 1029 morbi
809 973 946 1054 quarta
968 960 1120 1058 singultu

1163 377 1172 422 l

145 1077 318 1164 accessit,
336 1090 373 1146 et
390 1076 505 1146 scroti
519 1074 639 1145 dolor.
662 1079 771 1146 Hunc
790 1077 968 1173 imposita
987 1093 1120 1162 maun,
1170 1090 1172 1115 ⁵

145 1193 288 1264 calente
303 1192 429 1262 lixivio
449 1191 611 1278 imbuta,
637 1191 759 1263 levare
776 1192 853 1264 visa
873 1208 939 1265 est.
969 1194 1043 1266 Sed
1063 1216 1123 1266 can

143 1313 351 1382 wmituset
364 1308 547 1406 singultus
561 1323 826 1405 perstarent,et
840 1311 1124 1410 ventrisinsuper

144 1427 295 1499 dolores
323 1450 364 1495 ac
391 1426 468 1496 sitis
491 1421 720 1522 affligerent,
748 1426 873 1498 illatus
893 1442 950 1499 est
971 1427 1034 1500 dic
1049 1442 1127 1500 sexu

74 1605 77 1611 .
143 1547 182 1615 'm
202 1545 438 1614 Bononiense
458 1543 718 1614 nosocomium
744 1547 777 1612 S.
803 1544 928 1614 Mariae
951 1545 1129 1617 demone.

143 1662 220 1733 Ubi
244 1685 314 1730 nec
335 1657 501 1758 chirurgi
521 1685 654 1731 manus
681 1660 890 1758 quidquam
914 1661 1081 1759 profuit,
1106 1676 1133 1735 et

143 1776 282 1849 medici
297 1777 432 1846 auxilia
455 1780 516 1847 vix
531 1778 699 1849 levamen
717 1778 870 1875 aliquod
881 1779 1055 1852 attulere.
1069 1782 1133 1851 Sin·

144 1897 269 1996 gultus
293 1898 393 1966 enim
418 1894 587 1966 sublatus
609 1911 665 1969 est
677 1950 693 1984 ,,
704 1911 767 1968 aut
783 1898 949 1969 vomitus
970 1924 1134 1997 quoque,

144 2014 285 2087 sedhic
301 2013 416 2084 breve
434 2013 481 2083 ad
499 2029 648 2111 tempus
661 2037 747 2083 cum
775 2014 1023 2111 emplastrum
1044 2014 1134 2115 quod

142 2147 279 2203 vocant
298 2130 344 2200 de
360 2146 483 2202 crusta
502 2134 628 2228 panis,
645 2133 791 2228 regioni
809 2133 998 2207 stomachi
1020 2131 1135 2207 fuisset

142 2248 354 2321 adhibitum
370 2301 380 2332 ,
401 2272 532 2318 enema
545 2262 669 2319 autem
686 2249 867 2343 injectum
880 2275 924 2320 ex
935 2250 1032 2323 oleis
1044 2251 1138 2323 semi·

142 2392 237 2437 num
258 2367 326 2436 lini
349 2381 386 2436 et
403 2365 560 2436 violato.
592 2367 660 2436 Die
684 2368 839 2463 septima
866 2369 1036 2464 primii-m
1060 2366 1134 2438 ridi.

141 2485 262 2554 Dolor
279 2486 318 2554 in
338 2498 463 2555 scroto
480 2498 559 2553 e'rat
575 2483 703 2554 levior.
725 2484 857 2555 Pulsus
881 2486 1012 2556 minus
1032 2508 1134 2582 quam

140 2600 223 2673 heri
251 2598 360 2672 fuisse
378 2600 614 2688 audiveram,
642 2597 844 2697 frequens:
866 2601 934 2672 sed
962 2602 1135 2675 humilior

141 2735 178 2791 et
199 2717 389 2790 infirmior
412 2742 526 2814 quam
547 2718 731 2813 ejusmodi
755 2720 884 2814 juveni
912 2722 1133 2804 conveniret.

140 2840 224 2910 Sitis
252 2835 451 2934 perstabat.
479 2838 611 2931 Neque
641 2836 766 2925 alvus,
792 2839 863 2907 nisi
887 2837 1039 2933 injectis
1064 2862 1135 2936 qun

140 2956 238 3026 dicta
265 2969 355 3027 sunt
377 2954 492 3042 oleis,
515 2950 620 3025 faeces
639 2954 831 3027 reddebat.
851 2956 1059 3044 Quintum
1079 2955 1137 3025 bo·

139 3072 198 3142 die
225 3085 395 3142 enemate
415 3074 471 3141 usi
491 3087 614 3143 essent
637 3098 681 3143 ex
711 3075 980 3162 carminatur,
1009 3089 1053 3145 ut
1078 3096 1135 3143 ro·

138 3205 243 3273 cant,
264 3189 508 3275 decoctione,
542 3191 603 3260 cui
637 3191 900 3287 despumatum
932 3192 1009 3263 mel
1040 3189 1136 3263 addi·

137 3321 218 3377 tum
237 3331 325 3377 cum
349 3305 538 3378 drachmis
560 3307 710 3378 duabus
730 3309 924 3379 electuarii
953 3309 1061 3406 quod
1087 3307 1135 3379 di·

138 3439 229 3495 cunt
241 3422 478 3495 benedictam
500 3425 694 3498 laxativam
709 3452 718 3514 ;
737 3428 901 3499 vomitus
915 3426 1031 3499 rediit
1046 3450 1134 3497 amo·

137 3567 290 3626 rorum,
314 3543 353 3611 in
372 3542 510 3637 quihus
528 3558 626 3613 teres
646 3543 876 3630 lumbricus;
896 3544 1036 3639 inJ'ecta
1053 3565 1135 3615 vero

137 3663 198 3729 vix
217 3658 369 3730 tandem
391 3659 528 3730 multas
548 3676 632 3757 post
652 3660 765 3731 horas
782 3661 928 3732 reddita
951 3660 1132 3739 suntne

137 3793 266 3848 octava
283 3776 490 3848 lumbricus
500 3776 594 3852 alter
606 3778 746 3874 ejectus
761 3792 825 3851 est.
842 3776 1128 3851 Abdomencum

136 3908 285 3965 tensum
311 3909 428 3980 esset,
450 3893 489 3963 id
512 3893 616 3990 quod
647 3899 758 3967 etiam
784 3895 907 3993 pridie
937 3895 1126 3969 adnotave-
