<?xml version="1.0" encoding="UTF-8"?>
<!DOCTYPE html PUBLIC "-//W3C//DTD XHTML 1.0 Transitional//EN"
    "http://www.w3.org/TR/xhtml1/DTD/xhtml1-transitional.dtd">
<html xmlns="http://www.w3.org/1999/xhtml" xml:lang="en" lang="en">
 <head>
  <title>
</title>
<meta http-equiv="Content-Type" content="text/html;charset=utf-8" />
  <meta name='ocr-system' content='tesseract 3.04.00' />
  <meta name='ocr-capabilities' content='ocr_page ocr_carea ocr_par ocr_line ocrx_word'/>
</head>
<body>
  <div class='ocr_page' id='page_1' title='image "./desedibusetcaus00adelgoog_0093.png"; bbox 0 0 2580 4514; ppageno 0'>
   <div class='ocr_carea' id='block_1_1' title="bbox 155 407 988 496">
    <p class='ocr_par' dir='ltr' id='par_1_1' title="bbox 155 407 988 496">
     <span class='ocr_line' id='line_1_1' title="bbox 155 407 988 496; baseline -0.01 -15"><span class='ocrx_word' id='word_1_1' title='bbox 155 407 204 496; x_wconf 71' lang='grc'>84</span> <span class='ocrx_word' id='word_1_2' title='bbox 319 431 366 478; x_wconf 77' lang='lat' dir='ltr'>na</span> <span class='ocrx_word' id='word_1_3' title='bbox 393 427 537 477; x_wconf 79' lang='lat' dir='ltr'>sumans</span> <span class='ocrx_word' id='word_1_4' title='bbox 562 430 606 474; x_wconf 79' lang='lat' dir='ltr'>rr</span> <span class='ocrx_word' id='word_1_5' title='bbox 631 426 754 474; x_wconf 70' lang='lat' dir='ltr'>carus</span> <span class='ocrx_word' id='word_1_6' title='bbox 779 427 988 475; x_wconf 79' lang='lat' dir='ltr'>uoaaoauu</span> 
     </span>
    </p>
   </div>
   <div class='ocr_carea' id='block_1_2' title="bbox 67 536 1150 3447">
    <p class='ocr_par' dir='ltr' id='par_1_2' title="bbox 127 536 1150 1924">
     <span class='ocr_line' id='line_1_2' title="bbox 127 536 1150 642; baseline -0.008 -27"><span class='ocrx_word' id='word_1_7' title='bbox 127 615 130 625; x_wconf 83' lang='grc'>,</span> <span class='ocrx_word' id='word_1_8' title='bbox 153 558 242 642; x_wconf 86' lang='lat' dir='ltr'>post</span> <span class='ocrx_word' id='word_1_9' title='bbox 255 558 425 640; x_wconf 85' lang='lat' dir='ltr'>tempore</span> <span class='ocrx_word' id='word_1_10' title='bbox 440 543 479 612; x_wconf 89' lang='lat' dir='ltr'>in</span> <span class='ocrx_word' id='word_1_11' title='bbox 495 539 588 611; x_wconf 85' lang='lat' dir='ltr'>ebrii</span> <span class='ocrx_word' id='word_1_12' title='bbox 604 564 779 636; x_wconf 88' lang='lat' dir='ltr'>quoque,</span> <span class='ocrx_word' id='word_1_13' title='bbox 805 539 962 636; x_wconf 89' lang='lat' dir='ltr'>epistola</span> <span class='ocrx_word' id='word_1_14' title='bbox 977 542 1062 608; x_wconf 90' lang='lat' dir='ltr'>XIV</span> <span class='ocrx_word' id='word_1_15' title='bbox 1076 536 1150 635; x_wconf 86' lang='lat'>(1),</span> 
     </span>
     <span class='ocr_line' id='line_1_3' title="bbox 153 656 1150 756; baseline -0.006 -26"><span class='ocrx_word' id='word_1_16' title='bbox 153 660 331 756; x_wconf 83' lang='lat' dir='ltr'>descripti</span> <span class='ocrx_word' id='word_1_17' title='bbox 360 657 569 729; x_wconf 89' lang='lat' dir='ltr'>ventriculo</span> <span class='ocrx_word' id='word_1_18' title='bbox 596 658 826 745; x_wconf 81' lang='lat' dir='ltr'>i11venerim3</span> <span class='ocrx_word' id='word_1_19' title='bbox 853 673 895 728; x_wconf 90' lang='lat' dir='ltr'>ut</span> <span class='ocrx_word' id='word_1_20' title='bbox 920 656 982 727; x_wconf 90' lang='lat' dir='ltr'>illa</span> <span class='ocrx_word' id='word_1_21' title='bbox 1008 656 1150 726; x_wconf 86' lang='lat' dir='ltr'>mittam</span> 
     </span>
     <span class='ocr_line' id='line_1_4' title="bbox 152 772 1150 874; baseline -0.005 -27"><span class='ocrx_word' id='word_1_22' title='bbox 152 802 234 874; x_wconf 86' lang='lat' dir='ltr'>quae</span> <span class='ocrx_word' id='word_1_23' title='bbox 251 775 361 874; x_wconf 88' lang='lat' dir='ltr'>paulo</span> <span class='ocrx_word' id='word_1_24' title='bbox 379 789 464 844; x_wconf 89' lang='lat' dir='ltr'>ante</span> <span class='ocrx_word' id='word_1_25' title='bbox 479 772 537 868; x_wconf 80' lang='lat' dir='ltr'>(a)</span> <span class='ocrx_word' id='word_1_26' title='bbox 553 774 593 841; x_wconf 90' lang='lat' dir='ltr'>in</span> <span class='ocrx_word' id='word_1_27' title='bbox 607 777 751 843; x_wconf 88' lang='lat' dir='ltr'>Veneto</span> <span class='ocrx_word' id='word_1_28' title='bbox 763 773 828 843; x_wconf 86' lang='lat' dir='ltr'>iilo</span> <span class='ocrx_word' id='word_1_29' title='bbox 840 775 921 843; x_wconf 80' lang='lat' dir='ltr'>viro</span> <span class='ocrx_word' id='word_1_30' title='bbox 934 797 954 841; x_wconf 91' lang='lat' dir='ltr'>a</span> <span class='ocrx_word' id='word_1_31' title='bbox 968 797 1030 843; x_wconf 88' lang='lat' dir='ltr'>me</span> <span class='ocrx_word' id='word_1_32' title='bbox 1044 796 1150 842; x_wconf 89' lang='lat' dir='ltr'>cons-</span> 
     </span>
     <span class='ocr_line' id='line_1_5' title="bbox 148 888 1149 992; baseline -0.005 -28"><span class='ocrx_word' id='word_1_33' title='bbox 148 908 260 992; x_wconf 84' lang='lat' dir='ltr'>pecta</span> <span class='ocrx_word' id='word_1_34' title='bbox 277 891 476 990; x_wconf 82' lang='lat' dir='ltr'>proposui3</span> <span class='ocrx_word' id='word_1_35' title='bbox 495 890 612 958; x_wconf 88' lang='lat' dir='ltr'>animi</span> <span class='ocrx_word' id='word_1_36' title='bbox 630 888 798 986; x_wconf 89' lang='lat' dir='ltr'>pende0‚</span> <span class='ocrx_word' id='word_1_37' title='bbox 825 914 916 959; x_wconf 89' lang='lat' dir='ltr'>num</span> <span class='ocrx_word' id='word_1_38' title='bbox 941 913 1073 960; x_wconf 90' lang='lat' dir='ltr'>omnes</span> <span class='ocrx_word' id='word_1_39' title='bbox 1094 891 1149 959; x_wconf 91' lang='lat' dir='ltr'>in-</span> 
     </span>
     <span class='ocr_line' id='line_1_6' title="bbox 141 1005 1149 1108; baseline -0.007 -26"><span class='ocrx_word' id='word_1_40' title='bbox 141 1011 262 1108; x_wconf 78' lang='lat' dir='ltr'>-gestis</span> <span class='ocrx_word' id='word_1_41' title='bbox 275 1011 402 1080; x_wconf 87' lang='lat' dir='ltr'>nescio</span> <span class='ocrx_word' id='word_1_42' title='bbox 413 1006 573 1104; x_wconf 86' lang='lat' dir='ltr'>quibus,</span> <span class='ocrx_word' id='word_1_43' title='bbox 587 1030 635 1076; x_wconf 90' lang='lat' dir='ltr'>an</span> <span class='ocrx_word' id='word_1_44' title='bbox 649 1007 769 1077; x_wconf 89' lang='lat' dir='ltr'>succis</span> <span class='ocrx_word' id='word_1_45' title='bbox 778 1005 955 1077; x_wconf 88' lang='lat' dir='ltr'>veneficis</span> <span class='ocrx_word' id='word_1_46' title='bbox 968 1007 1149 1103; x_wconf 85' lang='lat' dir='ltr'>imputem</span> 
     </span>
     <span class='ocr_line' id='line_1_7' title="bbox 148 1122 1148 1227; baseline -0.004 -29"><span class='ocrx_word' id='word_1_47' title='bbox 148 1128 250 1198; x_wconf 87' lang='lat' dir='ltr'>intus</span> <span class='ocrx_word' id='word_1_48' title='bbox 262 1128 405 1227; x_wconf 83' lang='lat' dir='ltr'>genitis.</span> <span class='ocrx_word' id='word_1_49' title='bbox 429 1124 543 1214; x_wconf 83' lang='lat' dir='ltr'>Quod</span> <span class='ocrx_word' id='word_1_50' title='bbox 554 1125 622 1195; x_wconf 86' lang='lat' dir='ltr'>etsi</span> <span class='ocrx_word' id='word_1_51' title='bbox 639 1125 678 1193; x_wconf 88' lang='lat' dir='ltr'>in</span> <span class='ocrx_word' id='word_1_52' title='bbox 691 1123 815 1219; x_wconf 85' lang='lat' dir='ltr'>aliqua</span> <span class='ocrx_word' id='word_1_53' title='bbox 824 1123 934 1194; x_wconf 93' lang='lat' dir='ltr'>velim</span> <span class='ocrx_word' id='word_1_54' title='bbox 944 1122 1066 1195; x_wconf 79' lang='lat' dir='ltr'>faeere</span> <span class='ocrx_word' id='word_1_55' title='bbox 1075 1123 1148 1194; x_wconf 91' lang='lat' dir='ltr'>his·</span> 
     </span>
     <span class='ocr_line' id='line_1_8' title="bbox 148 1240 1147 1336; baseline -0.007 -21"><span class='ocrx_word' id='word_1_56' title='bbox 148 1247 329 1316; x_wconf 89' lang='lat' dir='ltr'>toriarum</span> <span class='ocrx_word' id='word_1_57' title='bbox 340 1243 475 1313; x_wconf 87' lang='lat' dir='ltr'>harum</span> <span class='ocrx_word' id='word_1_58' title='bbox 488 1293 499 1329; x_wconf 86' lang='lat'><strong>‚</strong></span> <span class='ocrx_word' id='word_1_59' title='bbox 514 1242 640 1311; x_wconf 88' lang='lat' dir='ltr'>minus</span> <span class='ocrx_word' id='word_1_60' title='bbox 647 1243 686 1310; x_wconf 89' lang='lat' dir='ltr'>in</span> <span class='ocrx_word' id='word_1_61' title='bbox 693 1241 939 1336; x_wconf 83' lang='lat' dir='ltr'>ultimaposse</span> <span class='ocrx_word' id='word_1_62' title='bbox 948 1240 1080 1311; x_wconf 85' lang='lat' dir='ltr'>videor</span> <span class='ocrx_word' id='word_1_63' title='bbox 1093 1241 1147 1327; x_wconf 89' lang='lat' dir='ltr'>,in</span> 
     </span>
     <span class='ocr_line' id='line_1_9' title="bbox 150 1357 1146 1458; baseline -0.006 -27"><span class='ocrx_word' id='word_1_64' title='bbox 150 1386 224 1458; x_wconf 92' lang='lat' dir='ltr'>qua</span> <span class='ocrx_word' id='word_1_65' title='bbox 246 1362 305 1430; x_wconf 91' lang='lat' dir='ltr'>via</span> <span class='ocrx_word' id='word_1_66' title='bbox 325 1384 478 1456; x_wconf 91' lang='lat' dir='ltr'>quoque</span> <span class='ocrx_word' id='word_1_67' title='bbox 506 1358 553 1428; x_wconf 88' lang='lat' dir='ltr'>ad</span> <span class='ocrx_word' id='word_1_68' title='bbox 578 1358 856 1445; x_wconf 85' lang='lat' dir='ltr'>ventriculum,</span> <span class='ocrx_word' id='word_1_69' title='bbox 885 1357 989 1453; x_wconf 83' lang='lat' dir='ltr'>gula,</span> <span class='ocrx_word' id='word_1_70' title='bbox 1014 1357 1146 1428; x_wconf 89' lang='lat' dir='ltr'>iisdem</span> 
     </span>
     <span class='ocr_line' id='line_1_10' title="bbox 149 1473 1147 1570; baseline -0.007 -21"><span class='ocrx_word' id='word_1_71' title='bbox 149 1476 387 1550; x_wconf 86' lang='lat' dir='ltr'>erosionibus</span> <span class='ocrx_word' id='word_1_72' title='bbox 407 1475 542 1547; x_wconf 82' lang='lat' dir='ltr'>affecta</span> <span class='ocrx_word' id='word_1_73' title='bbox 563 1491 651 1547; x_wconf 85' lang='lat' dir='ltr'>erat.</span> <span class='ocrx_word' id='word_1_74' title='bbox 679 1475 750 1546; x_wconf 88' lang='lat' dir='ltr'>Sed</span> <span class='ocrx_word' id='word_1_75' title='bbox 777 1474 824 1546; x_wconf 91' lang='lat' dir='ltr'>de</span> <span class='ocrx_word' id='word_1_76' title='bbox 851 1473 1057 1546; x_wconf 83' lang='lat' dir='ltr'>observatis</span> <span class='ocrx_word' id='word_1_77' title='bbox 1082 1499 1147 1570; x_wconf 89' lang='lat' dir='ltr'>per</span> 
     </span>
     <span class='ocr_line' id='line_1_11' title="bbox 146 1589 1148 1681; baseline -0.004 -15"><span class='ocrx_word' id='word_1_78' title='bbox 146 1608 370 1681; x_wconf 72' lang='lat' dir='ltr'>mammen,</span> <span class='ocrx_word' id='word_1_79' title='bbox 397 1616 630 1665; x_wconf 88' lang='lat' dir='ltr'>venenorum</span> <span class='ocrx_word' id='word_1_80' title='bbox 659 1593 699 1661; x_wconf 88' lang='lat' dir='ltr'>in</span> <span class='ocrx_word' id='word_1_81' title='bbox 721 1591 930 1663; x_wconf 86' lang='lat' dir='ltr'>ventriculo</span> <span class='ocrx_word' id='word_1_82' title='bbox 956 1589 1148 1663; x_wconf 85' lang='lat' dir='ltr'>effectibus</span> 
     </span>
     <span class='ocr_line' id='line_1_12' title="bbox 148 1708 1144 1806; baseline -0.002 -26"><span class='ocrx_word' id='word_1_83' title='bbox 148 1733 233 1780; x_wconf 91' lang='lat' dir='ltr'>cum</span> <span class='ocrx_word' id='word_1_84' title='bbox 250 1711 329 1806; x_wconf 91' lang='lat' dir='ltr'>ipse</span> <span class='ocrx_word' id='word_1_85' title='bbox 348 1709 473 1778; x_wconf 89' lang='lat' dir='ltr'>malim</span> <span class='ocrx_word' id='word_1_86' title='bbox 494 1733 561 1780; x_wconf 90' lang='lat' dir='ltr'>suo</span> <span class='ocrx_word' id='word_1_87' title='bbox 574 1708 659 1779; x_wconf 88' lang='lat' dir='ltr'>loco</span> <span class='ocrx_word' id='word_1_88' title='bbox 673 1708 788 1779; x_wconf 92' lang='lat' dir='ltr'>semel</span> <span class='ocrx_word' id='word_1_89' title='bbox 804 1733 933 1806; x_wconf 83' lang='lat' dir='ltr'>agere,</span> <span class='ocrx_word' id='word_1_90' title='bbox 950 1733 1062 1804; x_wconf 87' lang='lat' dir='ltr'>quam</span> <span class='ocrx_word' id='word_1_91' title='bbox 1079 1709 1144 1795; x_wconf 86' lang='lat' dir='ltr'>ibi,</span> 
     </span>
     <span class='ocr_line' id='line_1_13' title="bbox 147 1825 1146 1924; baseline -0.002 -26"><span class='ocrx_word' id='word_1_92' title='bbox 147 1841 260 1923; x_wconf 86' lang='lat' dir='ltr'>atque</span> <span class='ocrx_word' id='word_1_93' title='bbox 272 1826 353 1914; x_wconf 87' lang='lat' dir='ltr'>hic,</span> <span class='ocrx_word' id='word_1_94' title='bbox 366 1841 409 1897; x_wconf 84' lang='lat' dir='ltr'>ut</span> <span class='ocrx_word' id='word_1_95' title='bbox 425 1828 464 1895; x_wconf 90' lang='lat' dir='ltr'>in</span> <span class='ocrx_word' id='word_1_96' title='bbox 478 1825 724 1923; x_wconf 87' lang='lat' dir='ltr'>Sepulchreto</span> <span class='ocrx_word' id='word_1_97' title='bbox 737 1825 875 1897; x_wconf 83' lang='lat' dir='ltr'>factum</span> <span class='ocrx_word' id='word_1_98' title='bbox 890 1825 1016 1913; x_wconf 83' lang='lat' dir='ltr'>vide03</span> <span class='ocrx_word' id='word_1_99' title='bbox 1032 1851 1146 1924; x_wconf 90' lang='lat' dir='ltr'>prop-</span> 
     </span>
    </p>

    <p class='ocr_par' dir='ltr' id='par_1_3' title="bbox 67 1941 1146 2041">
     <span class='ocr_line' id='line_1_14' title="bbox 67 1941 1146 2041; baseline -0.005 -22"><span class='ocrx_word' id='word_1_100' title='bbox 67 2013 69 2019; x_wconf 92' lang='lat'><em>.</em></span> <span class='ocrx_word' id='word_1_101' title='bbox 144 1958 247 2015; x_wconf 88' lang='lat' dir='ltr'>terea</span> <span class='ocrx_word' id='word_1_102' title='bbox 261 1943 350 2013; x_wconf 89' lang='lat' dir='ltr'>illuc</span> <span class='ocrx_word' id='word_1_103' title='bbox 369 1942 423 2039; x_wconf 81' lang='lat'>(3)</span> <span class='ocrx_word' id='word_1_104' title='bbox 437 1943 604 2038; x_wconf 85' lang='lat' dir='ltr'>rejiciam</span> <span class='ocrx_word' id='word_1_105' title='bbox 627 1968 709 2039; x_wconf 86' lang='lat' dir='ltr'>quae</span> <span class='ocrx_word' id='word_1_106' title='bbox 726 1941 802 2013; x_wconf 89' lang='lat' dir='ltr'>huc</span> <span class='ocrx_word' id='word_1_107' title='bbox 819 1942 956 2014; x_wconf 84' lang='lat' dir='ltr'>addere</span> <span class='ocrx_word' id='word_1_108' title='bbox 979 1968 1146 2041; x_wconf 89' lang='lat' dir='ltr'>superse·</span> 
     </span>
    </p>

    <p class='ocr_par' dir='ltr' id='par_1_4' title="bbox 146 2057 1145 2158">
     <span class='ocr_line' id='line_1_15' title="bbox 146 2057 1145 2158; baseline -0.001 -25"><span class='ocrx_word' id='word_1_109' title='bbox 146 2060 236 2148; x_wconf 80' lang='lat' dir='ltr'>dee,</span> <span class='ocrx_word' id='word_1_110' title='bbox 252 2075 293 2132; x_wconf 89' lang='lat' dir='ltr'>ut</span> <span class='ocrx_word' id='word_1_111' title='bbox 310 2061 391 2158; x_wconf 89' lang='lat' dir='ltr'>pari</span> <span class='ocrx_word' id='word_1_112' title='bbox 408 2060 454 2130; x_wconf 90' lang='lat' dir='ltr'>de</span> <span class='ocrx_word' id='word_1_113' title='bbox 472 2083 581 2131; x_wconf 87' lang='lat' dir='ltr'>causa</span> <span class='ocrx_word' id='word_1_114' title='bbox 595 2060 668 2130; x_wconf 89' lang='lat' dir='ltr'>alio</span> <span class='ocrx_word' id='word_1_115' title='bbox 685 2057 856 2130; x_wconf 84' lang='lat' dir='ltr'>differam</span> <span class='ocrx_word' id='word_1_116' title='bbox 878 2085 959 2156; x_wconf 85' lang='lat' dir='ltr'>quae</span> <span class='ocrx_word' id='word_1_117' title='bbox 976 2060 1022 2130; x_wconf 90' lang='lat' dir='ltr'>ad</span> <span class='ocrx_word' id='word_1_118' title='bbox 1042 2061 1145 2132; x_wconf 91' lang='lat' dir='ltr'>dolo·</span> 
     </span>
    </p>

    <p class='ocr_par' dir='ltr' id='par_1_5' title="bbox 143 2177 1145 2368">
     <span class='ocr_line' id='line_1_16' title="bbox 143 2177 1145 2276; baseline -0.003 -25"><span class='ocrx_word' id='word_1_119' title='bbox 143 2205 226 2251; x_wconf 90' lang='lat' dir='ltr'>rem</span> <span class='ocrx_word' id='word_1_120' title='bbox 237 2177 436 2250; x_wconf 84' lang='lat' dir='ltr'>ventriculi</span> <span class='ocrx_word' id='word_1_121' title='bbox 447 2192 615 2274; x_wconf 84' lang='lat' dir='ltr'>spectant</span> <span class='ocrx_word' id='word_1_122' title='bbox 626 2202 671 2247; x_wconf 86' lang='lat' dir='ltr'>ex</span> <span class='ocrx_word' id='word_1_123' title='bbox 681 2201 867 2249; x_wconf 89' lang='lat' dir='ltr'>consensu</span> <span class='ocrx_word' id='word_1_124' title='bbox 877 2201 963 2248; x_wconf 91' lang='lat' dir='ltr'>cum</span> <span class='ocrx_word' id='word_1_125' title='bbox 976 2178 1057 2250; x_wconf 88' lang='lat' dir='ltr'>aliis</span> <span class='ocrx_word' id='word_1_126' title='bbox 1068 2204 1145 2276; x_wconf 91' lang='lat' dir='ltr'>par·</span> 
     </span>
     <span class='ocr_line' id='line_1_17' title="bbox 144 2294 839 2368; baseline -0.004 -1"><span class='ocrx_word' id='word_1_127' title='bbox 144 2295 247 2368; x_wconf 86' lang='lat' dir='ltr'>tibus</span> <span class='ocrx_word' id='word_1_128' title='bbox 268 2310 304 2366; x_wconf 90' lang='lat' dir='ltr'>et</span> <span class='ocrx_word' id='word_1_129' title='bbox 319 2295 545 2365; x_wconf 88' lang='lat' dir='ltr'>nominatim</span> <span class='ocrx_word' id='word_1_130' title='bbox 567 2318 654 2364; x_wconf 88' lang='lat' dir='ltr'>cum</span> <span class='ocrx_word' id='word_1_131' title='bbox 675 2294 839 2366; x_wconf 85' lang='lat' dir='ltr'>renibus.</span> 
     </span>
    </p>

    <p class='ocr_par' dir='ltr' id='par_1_6' title="bbox 136 2410 1146 3447">
     <span class='ocr_line' id='line_1_18' title="bbox 194 2410 1146 2510; baseline -0.001 -26"><span class='ocrx_word' id='word_1_132' title='bbox 194 2440 250 2484; x_wconf 80' lang='lat'>22.</span> <span class='ocrx_word' id='word_1_133' title='bbox 284 2415 338 2483; x_wconf 91' lang='lat' dir='ltr'>De</span> <span class='ocrx_word' id='word_1_134' title='bbox 367 2413 411 2482; x_wconf 87' lang='lat' dir='ltr'>iis</span> <span class='ocrx_word' id='word_1_135' title='bbox 434 2426 568 2482; x_wconf 87' lang='lat' dir='ltr'>autem</span> <span class='ocrx_word' id='word_1_136' title='bbox 596 2410 797 2482; x_wconf 86' lang='lat' dir='ltr'>ventriculi</span> <span class='ocrx_word' id='word_1_137' title='bbox 827 2411 1048 2500; x_wconf 86' lang='lat' dir='ltr'>doloribus,</span> <span class='ocrx_word' id='word_1_138' title='bbox 1078 2415 1146 2510; x_wconf 90' lang='lat' dir='ltr'>qui</span> 
     </span>
     <span class='ocr_line' id='line_1_19' title="bbox 142 2528 1145 2626; baseline 0.001 -26"><span class='ocrx_word' id='word_1_139' title='bbox 142 2553 299 2626; x_wconf 89' lang='lat' dir='ltr'>nequea</span> <span class='ocrx_word' id='word_1_140' title='bbox 314 2553 461 2599; x_wconf 89' lang='lat' dir='ltr'>veneno</span> <span class='ocrx_word' id='word_1_141' title='bbox 484 2542 593 2614; x_wconf 88' lang='lat' dir='ltr'>sunt,</span> <span class='ocrx_word' id='word_1_142' title='bbox 611 2552 736 2624; x_wconf 90' lang='lat' dir='ltr'>neque</span> <span class='ocrx_word' id='word_1_143' title='bbox 756 2553 776 2597; x_wconf 88' lang='lat' dir='ltr'>a</span> <span class='ocrx_word' id='word_1_144' title='bbox 793 2529 912 2599; x_wconf 88' lang='lat' dir='ltr'>causis</span> <span class='ocrx_word' id='word_1_145' title='bbox 929 2528 1026 2599; x_wconf 87' lang='lat' dir='ltr'>fiunt</span> <span class='ocrx_word' id='word_1_146' title='bbox 1041 2546 1145 2601; x_wconf 82' lang='lat' dir='ltr'>extra</span> 
     </span>
     <span class='ocr_line' id='line_1_20' title="bbox 141 2644 1144 2743; baseline -0.001 -26"><span class='ocrx_word' id='word_1_147' title='bbox 141 2647 249 2718; x_wconf 90' lang='lat' dir='ltr'>illum</span> <span class='ocrx_word' id='word_1_148' title='bbox 262 2644 503 2731; x_wconf 85' lang='lat' dir='ltr'>haerentibus,</span> <span class='ocrx_word' id='word_1_149' title='bbox 517 2645 547 2715; x_wconf 93' lang='lat' dir='ltr'>si</span> <span class='ocrx_word' id='word_1_150' title='bbox 560 2669 642 2740; x_wconf 84' lang='lat' dir='ltr'>quae</span> <span class='ocrx_word' id='word_1_151' title='bbox 655 2644 702 2714; x_wconf 92' lang='lat' dir='ltr'>ad</span> <span class='ocrx_word' id='word_1_152' title='bbox 715 2670 768 2732; x_wconf 86' lang='lat' dir='ltr'>ea,</span> <span class='ocrx_word' id='word_1_153' title='bbox 781 2670 864 2741; x_wconf 89' lang='lat' dir='ltr'>quae</span> <span class='ocrx_word' id='word_1_154' title='bbox 880 2669 992 2742; x_wconf 91' lang='lat' dir='ltr'>supra</span> <span class='ocrx_word' id='word_1_155' title='bbox 1006 2645 1144 2743; x_wconf 83' lang='lat' dir='ltr'>legisti,</span> 
     </span>
     <span class='ocr_line' id='line_1_21' title="bbox 140 2760 1145 2860; baseline 0 -26"><span class='ocrx_word' id='word_1_156' title='bbox 140 2763 345 2860; x_wconf 83' lang='lat' dir='ltr'>adjungere</span> <span class='ocrx_word' id='word_1_157' title='bbox 358 2760 454 2832; x_wconf 82' lang='lat' dir='ltr'>forte</span> <span class='ocrx_word' id='word_1_158' title='bbox 463 2764 569 2857; x_wconf 92' lang='lat' dir='ltr'>cupis</span> <span class='ocrx_word' id='word_1_159' title='bbox 579 2815 589 2848; x_wconf 91' lang='lat'>,</span> <span class='ocrx_word' id='word_1_160' title='bbox 599 2761 780 2858; x_wconf 86' lang='lat' dir='ltr'>adjungas</span> <span class='ocrx_word' id='word_1_161' title='bbox 788 2764 827 2830; x_wconf 89' lang='lat' dir='ltr'>iu</span> <span class='ocrx_word' id='word_1_162' title='bbox 838 2763 984 2859; x_wconf 83' lang='lat' dir='ltr'>primis,</span> <span class='ocrx_word' id='word_1_163' title='bbox 995 2787 1145 2852; x_wconf 77' lang='lat' dir='ltr'>censes,</span> 
     </span>
     <span class='ocr_line' id='line_1_22' title="bbox 141 2878 1143 2976; baseline 0.001 -25"><span class='ocrx_word' id='word_1_164' title='bbox 141 2879 442 2951; x_wconf 85' lang='lat' dir='ltr'>observationem</span> <span class='ocrx_word' id='word_1_165' title='bbox 458 2878 614 2949; x_wconf 85' lang='lat' dir='ltr'>illustris</span> <span class='ocrx_word' id='word_1_166' title='bbox 630 2879 701 2947; x_wconf 88' lang='lat' dir='ltr'>viri</span> <span class='ocrx_word' id='word_1_167' title='bbox 715 2880 873 2950; x_wconf 89' lang='lat' dir='ltr'>Heisteri</span> <span class='ocrx_word' id='word_1_168' title='bbox 886 2878 955 2976; x_wconf 74' lang='grc'>(4),</span> <span class='ocrx_word' id='word_1_169' title='bbox 972 2905 1048 2976; x_wconf 89' lang='lat' dir='ltr'>qua</span> <span class='ocrx_word' id='word_1_170' title='bbox 1064 2905 1143 2952; x_wconf 87' lang='lat' dir='ltr'>car·</span> 
     </span>
     <span class='ocr_line' id='line_1_23' title="bbox 139 2994 1140 3098; baseline 0.003 -31"><span class='ocrx_word' id='word_1_171' title='bbox 139 2995 312 3093; x_wconf 83' lang='lat' dir='ltr'>dialgiam</span> <span class='ocrx_word' id='word_1_172' title='bbox 337 2994 700 3065; x_wconf 87' lang='lat' dir='ltr'>vehementissimam</span> <span class='ocrx_word' id='word_1_173' title='bbox 733 2995 910 3068; x_wconf 86' lang='lat' dir='ltr'>describit</span> <span class='ocrx_word' id='word_1_174' title='bbox 944 3022 964 3066; x_wconf 91' lang='lat' dir='ltr'>a</span> <span class='ocrx_word' id='word_1_175' title='bbox 1002 3024 1140 3098; x_wconf 82' lang='lat' dir='ltr'>magno</span> 
     </span>
     <span class='ocr_line' id='line_1_24' title="bbox 140 3109 1140 3208; baseline 0.004 -24"><span class='ocrx_word' id='word_1_176' title='bbox 140 3136 274 3184; x_wconf 86' lang='lat' dir='ltr'>acervo</span> <span class='ocrx_word' id='word_1_177' title='bbox 301 3109 577 3191; x_wconf 89' lang='lat' dir='ltr'>lumbricorum</span> <span class='ocrx_word' id='word_1_178' title='bbox 600 3112 766 3196; x_wconf 86' lang='lat' dir='ltr'>illatam,</span> <span class='ocrx_word' id='word_1_179' title='bbox 795 3115 862 3208; x_wconf 92' lang='lat' dir='ltr'>qui</span> <span class='ocrx_word' id='word_1_180' title='bbox 887 3117 1140 3188; x_wconf 87' lang='lat' dir='ltr'>ventriculum</span> 
     </span>
     <span class='ocr_line' id='line_1_25' title="bbox 139 3225 1141 3321; baseline 0.007 -24"><span class='ocrx_word' id='word_1_181' title='bbox 139 3231 238 3298; x_wconf 86' lang='lat' dir='ltr'>circa</span> <span class='ocrx_word' id='word_1_182' title='bbox 258 3227 450 3298; x_wconf 88' lang='lat' dir='ltr'>sinistrum</span> <span class='ocrx_word' id='word_1_183' title='bbox 471 3225 678 3316; x_wconf 88' lang='lat' dir='ltr'>orificium,</span> <span class='ocrx_word' id='word_1_184' title='bbox 696 3228 962 3303; x_wconf 88' lang='lat' dir='ltr'>ubihaerentes</span> <span class='ocrx_word' id='word_1_185' title='bbox 981 3232 1141 3321; x_wconf 86' lang='lat' dir='ltr'>invenit,</span> 
     </span>
     <span class='ocr_line' id='line_1_26' title="bbox 136 3343 1140 3447; baseline 0.009 -34"><span class='ocrx_word' id='word_1_186' title='bbox 136 3343 187 3415; x_wconf 82' lang='lat' dir='ltr'>ita</span> <span class='ocrx_word' id='word_1_187' title='bbox 216 3344 405 3429; x_wconf 84' lang='lat' dir='ltr'>laeserant,</span> <span class='ocrx_word' id='word_1_188' title='bbox 434 3359 476 3415; x_wconf 86' lang='lat' dir='ltr'>ut</span> <span class='ocrx_word' id='word_1_189' title='bbox 502 3344 809 3444; x_wconf 82' lang='lat' dir='ltr'>sanguinolentus</span> <span class='ocrx_word' id='word_1_190' title='bbox 835 3364 950 3436; x_wconf 84' lang='lat' dir='ltr'>esset,</span> <span class='ocrx_word' id='word_1_191' title='bbox 973 3365 1010 3421; x_wconf 90' lang='lat' dir='ltr'>et</span> <span class='ocrx_word' id='word_1_192' title='bbox 1032 3353 1140 3447; x_wconf 91' lang='lat' dir='ltr'>quasi</span> 
     </span>
    </p>
   </div>
   <div class='ocr_carea' id='block_1_3' title="bbox 0 0 1294 4514">
    <p class='ocr_par' dir='ltr' id='par_1_7' title="bbox 0 0 1294 4514">
     <span class='ocr_line' id='line_1_27' title="bbox 0 0 1294 4514; baseline 0 4"><span class='ocrx_word' id='word_1_193' title='bbox 0 0 1294 4514; x_wconf 95' lang='lat' dir='ltr'> </span> 
     </span>
    </p>
   </div>
  </div>
 </body>
</html>
