<?xml version="1.0" encoding="UTF-8"?>
<!DOCTYPE html PUBLIC "-//W3C//DTD XHTML 1.0 Transitional//EN"
    "http://www.w3.org/TR/xhtml1/DTD/xhtml1-transitional.dtd">
<html xmlns="http://www.w3.org/1999/xhtml" xml:lang="en" lang="en">
 <head>
  <title>
</title>
<meta http-equiv="Content-Type" content="text/html;charset=utf-8" />
  <meta name='ocr-system' content='tesseract 3.04.00' />
  <meta name='ocr-capabilities' content='ocr_page ocr_carea ocr_par ocr_line ocrx_word'/>
</head>
<body>
  <div class='ocr_page' id='page_1' title='image "./desedibusetcaus00adelgoog_0505.png"; bbox 0 0 2580 4514; ppageno 0'>
   <div class='ocr_carea' id='block_1_1' title="bbox 136 378 980 451">
    <p class='ocr_par' dir='ltr' id='par_1_1' title="bbox 136 378 980 451">
     <span class='ocr_line' id='line_1_1' title="bbox 136 378 980 451; baseline 0.001 -1"><span class='ocrx_word' id='word_1_1' title='bbox 136 378 206 451; x_wconf 81' lang='lat'>510</span> <span class='ocrx_word' id='word_1_2' title='bbox 302 400 348 445; x_wconf 84' lang='lat' dir='ltr'>or</span> <span class='ocrx_word' id='word_1_3' title='bbox 374 398 520 447; x_wconf 78' lang='lat' dir='ltr'>srniuus</span> <span class='ocrx_word' id='word_1_4' title='bbox 544 400 588 444; x_wconf 86' lang='lat' dir='ltr'>rr</span> <span class='ocrx_word' id='word_1_5' title='bbox 614 399 738 447; x_wconf 78' lang='lat' dir='ltr'>causis</span> <span class='ocrx_word' id='word_1_6' title='bbox 763 390 980 451; x_wconf 73' lang='lat' dir='ltr'>nonnosum</span> 
     </span>
    </p>
   </div>
   <div class='ocr_carea' id='block_1_2' title="bbox 71 514 1133 3679">
    <p class='ocr_par' dir='ltr' id='par_1_2' title="bbox 71 514 1133 3561">
     <span class='ocr_line' id='line_1_2' title="bbox 136 514 1117 614; baseline 0.008 -29"><span class='ocrx_word' id='word_1_7' title='bbox 136 537 286 614; x_wconf 91' lang='lat' dir='ltr'>pressus</span> <span class='ocrx_word' id='word_1_8' title='bbox 310 541 317 582; x_wconf 94' lang='lat'><strong>:</strong></span> <span class='ocrx_word' id='word_1_9' title='bbox 341 537 557 610; x_wconf 86' lang='lat' dir='ltr'><strong>quanquam</strong></span> <span class='ocrx_word' id='word_1_10' title='bbox 578 514 607 583; x_wconf 91' lang='lat' dir='ltr'>si</span> <span class='ocrx_word' id='word_1_11' title='bbox 628 518 864 611; x_wconf 82' lang='lat' dir='ltr'>compressio</span> <span class='ocrx_word' id='word_1_12' title='bbox 891 535 958 590; x_wconf 87' lang='lat' dir='ltr'>aut</span> <span class='ocrx_word' id='word_1_13' title='bbox 981 519 1117 593; x_wconf 88' lang='lat' dir='ltr'>obstruc-</span> 
     </span>
     <span class='ocr_line' id='line_1_3' title="bbox 136 631 1120 729; baseline 0.009 -26"><span class='ocrx_word' id='word_1_14' title='bbox 136 635 189 704; x_wconf 87' lang='lat' dir='ltr'>tio</span> <span class='ocrx_word' id='word_1_15' title='bbox 211 633 424 703; x_wconf 88' lang='lat' dir='ltr'>communis</span> <span class='ocrx_word' id='word_1_16' title='bbox 448 631 587 702; x_wconf 89' lang='lat' dir='ltr'>canalis</span> <span class='ocrx_word' id='word_1_17' title='bbox 603 634 684 729; x_wconf 88' lang='lat' dir='ltr'>ipsa</span> <span class='ocrx_word' id='word_1_18' title='bbox 705 631 843 708; x_wconf 78' lang='lat' dir='ltr'>afferre</span> <span class='ocrx_word' id='word_1_19' title='bbox 871 637 1048 710; x_wconf 84' lang='lat' dir='ltr'>credatur</span> <span class='ocrx_word' id='word_1_20' title='bbox 1061 664 1120 712; x_wconf 84' lang='lat' dir='ltr'>cau</span> 
     </span>
     <span class='ocr_line' id='line_1_4' title="bbox 138 748 1122 846; baseline 0.007 -24"><span class='ocrx_word' id='word_1_21' title='bbox 138 776 215 823; x_wconf 87' lang='lat' dir='ltr'>sam</span> <span class='ocrx_word' id='word_1_22' title='bbox 230 750 330 845; x_wconf 80' lang='lat' dir='ltr'>ejus,</span> <span class='ocrx_word' id='word_1_23' title='bbox 343 748 389 819; x_wconf 91' lang='lat' dir='ltr'>de</span> <span class='ocrx_word' id='word_1_24' title='bbox 408 773 484 846; x_wconf 91' lang='lat' dir='ltr'>quo</span> <span class='ocrx_word' id='word_1_25' title='bbox 499 748 892 846; x_wconf 80' lang='lat' dir='ltr'>loquimur‚doloris;</span> <span class='ocrx_word' id='word_1_26' title='bbox 910 778 996 826; x_wconf 91' lang='lat' dir='ltr'>non</span> <span class='ocrx_word' id='word_1_27' title='bbox 1007 758 1122 829; x_wconf 79' lang='lat' dir='ltr'>crithit</span> 
     </span>
     <span class='ocr_line' id='line_1_5' title="bbox 79 867 1125 966; baseline 0.007 -27"><span class='ocrx_word' id='word_1_28' title='bbox 79 951 84 960; x_wconf 28' lang='lat'>¹</span> <span class='ocrx_word' id='word_1_29' title='bbox 136 870 250 966; x_wconf 86' lang='lat' dir='ltr'>igitur</span> <span class='ocrx_word' id='word_1_30' title='bbox 267 867 465 965; x_wconf 89' lang='lat' dir='ltr'>peculiaris</span> <span class='ocrx_word' id='word_1_31' title='bbox 488 882 579 937; x_wconf 86' lang='lat' dir='ltr'>nota</span> <span class='ocrx_word' id='word_1_32' title='bbox 602 867 818 966; x_wconf 87' lang='lat' dir='ltr'>lapillorum</span> <span class='ocrx_word' id='word_1_33' title='bbox 844 873 887 941; x_wconf 91' lang='lat' dir='ltr'>iu</span> <span class='ocrx_word' id='word_1_34' title='bbox 913 871 986 944; x_wconf 92' lang='lat' dir='ltr'>illo</span> <span class='ocrx_word' id='word_1_35' title='bbox 1009 873 1125 946; x_wconf 71' lang='lat' dir='ltr'>hieren-</span> 
     </span>
     <span class='ocr_line' id='line_1_6' title="bbox 136 984 1127 1090; baseline 0.005 -31"><span class='ocrx_word' id='word_1_36' title='bbox 136 991 252 1074; x_wconf 90' lang='lat' dir='ltr'>tium,</span> <span class='ocrx_word' id='word_1_37' title='bbox 278 1009 366 1056; x_wconf 92' lang='lat' dir='ltr'>cum</span> <span class='ocrx_word' id='word_1_38' title='bbox 392 986 472 1056; x_wconf 89' lang='lat' dir='ltr'>siue</span> <span class='ocrx_word' id='word_1_39' title='bbox 504 984 657 1057; x_wconf 90' lang='lat' dir='ltr'>calculis</span> <span class='ocrx_word' id='word_1_40' title='bbox 681 1011 791 1084; x_wconf 89' lang='lat' dir='ltr'>posse</span> <span class='ocrx_word' id='word_1_41' title='bbox 814 1004 854 1060; x_wconf 90' lang='lat' dir='ltr'>et</span> <span class='ocrx_word' id='word_1_42' title='bbox 883 993 1127 1090; x_wconf 83' lang='lat' dir='ltr'>comprimiet</span> 
     </span>
     <span class='ocr_line' id='line_1_7' title="bbox 138 1101 1127 1207; baseline 0.003 -31"><span class='ocrx_word' id='word_1_43' title='bbox 138 1105 305 1191; x_wconf 86' lang='lat' dir='ltr'>obstrui,</span> <span class='ocrx_word' id='word_1_44' title='bbox 325 1127 437 1201; x_wconf 85' lang='lat' dir='ltr'>supra</span> <span class='ocrx_word' id='word_1_45' title='bbox 460 1101 518 1199; x_wconf 87' lang='grc' dir='ltr'>(ι)</span> <span class='ocrx_word' id='word_1_46' title='bbox 540 1109 626 1174; x_wconf 86' lang='lat' dir='ltr'>satis</span> <span class='ocrx_word' id='word_1_47' title='bbox 655 1119 847 1181; x_wconf 88' lang='lat' dir='ltr'>ostensum</span> <span class='ocrx_word' id='word_1_48' title='bbox 876 1109 948 1190; x_wconf 84' lang='lat' dir='ltr'>sit,</span> <span class='ocrx_word' id='word_1_49' title='bbox 979 1108 1127 1207; x_wconf 83' lang='lat' dir='ltr'>nihilque</span> 
     </span>
     <span class='ocr_line' id='line_1_8' title="bbox 136 1222 1129 1324; baseline 0.003 -29"><span class='ocrx_word' id='word_1_50' title='bbox 136 1222 336 1324; x_wconf 87' lang='lat' dir='ltr'>prohibeat</span> <span class='ocrx_word' id='word_1_51' title='bbox 364 1222 597 1309; x_wconf 79' lang='lat' dir='ltr'>existimare,</span> <span class='ocrx_word' id='word_1_52' title='bbox 625 1222 868 1295; x_wconf 88' lang='lat' dir='ltr'>interclusam</span> <span class='ocrx_word' id='word_1_53' title='bbox 896 1225 940 1296; x_wconf 91' lang='lat' dir='ltr'>in</span> <span class='ocrx_word' id='word_1_54' title='bbox 968 1251 1017 1298; x_wconf 89' lang='lat' dir='ltr'>eo</span> <span class='ocrx_word' id='word_1_55' title='bbox 1036 1226 1129 1299; x_wconf 79' lang='lat' dir='ltr'>bilem</span> 
     </span>
     <span class='ocr_line' id='line_1_9' title="bbox 137 1340 1129 1432; baseline 0.002 -17"><span class='ocrx_word' id='word_1_56' title='bbox 137 1344 231 1415; x_wconf 89' lang='lat' dir='ltr'>adeo</span> <span class='ocrx_word' id='word_1_57' title='bbox 246 1357 282 1413; x_wconf 90' lang='lat' dir='ltr'>et</span> <span class='ocrx_word' id='word_1_58' title='bbox 296 1340 453 1411; x_wconf 89' lang='lat' dir='ltr'>multam</span> <span class='ocrx_word' id='word_1_59' title='bbox 466 1355 502 1410; x_wconf 88' lang='lat' dir='ltr'>et</span> <span class='ocrx_word' id='word_1_60' title='bbox 512 1363 636 1411; x_wconf 87' lang='lat' dir='ltr'>acrem</span> <span class='ocrx_word' id='word_1_61' title='bbox 651 1340 843 1412; x_wconf 88' lang='lat' dir='ltr'>interdum</span> <span class='ocrx_word' id='word_1_62' title='bbox 857 1367 958 1432; x_wconf 89' lang='lat' dir='ltr'>esse,</span> <span class='ocrx_word' id='word_1_63' title='bbox 971 1361 1038 1416; x_wconf 83' lang='lat' dir='ltr'>aut</span> <span class='ocrx_word' id='word_1_64' title='bbox 1047 1368 1129 1417; x_wconf 83' lang='lat' dir='ltr'>mon</span> 
     </span>
     <span class='ocr_line' id='line_1_10' title="bbox 135 1457 1129 1556; baseline 0.004 -25"><span class='ocrx_word' id='word_1_65' title='bbox 135 1461 239 1547; x_wconf 82' lang='lat' dir='ltr'>lieri,</span> <span class='ocrx_word' id='word_1_66' title='bbox 262 1476 303 1531; x_wconf 93' lang='lat' dir='ltr'>ut</span> <span class='ocrx_word' id='word_1_67' title='bbox 323 1483 427 1556; x_wconf 81' lang='lat' dir='ltr'>aeque</span> <span class='ocrx_word' id='word_1_68' title='bbox 443 1482 485 1529; x_wconf 87' lang='lat' dir='ltr'>ac</span> <span class='ocrx_word' id='word_1_69' title='bbox 510 1457 664 1546; x_wconf 87' lang='lat' dir='ltr'>calculi,</span> <span class='ocrx_word' id='word_1_70' title='bbox 685 1472 722 1530; x_wconf 93' lang='lat' dir='ltr'>et</span> <span class='ocrx_word' id='word_1_71' title='bbox 738 1458 963 1533; x_wconf 81' lang='lat' dir='ltr'>distendere</span> <span class='ocrx_word' id='word_1_72' title='bbox 984 1463 1129 1535; x_wconf 79' lang='lat' dir='ltr'>canalem</span> 
     </span>
     <span class='ocr_line' id='line_1_11' title="bbox 136 1576 1128 1680; baseline 0.001 -28"><span class='ocrx_word' id='word_1_73' title='bbox 136 1581 256 1680; x_wconf 88' lang='lat' dir='ltr'>possit</span> <span class='ocrx_word' id='word_1_74' title='bbox 279 1594 315 1651; x_wconf 91' lang='lat' dir='ltr'>et</span> <span class='ocrx_word' id='word_1_75' title='bbox 336 1579 528 1649; x_wconf 82' lang='lat' dir='ltr'>lacessere.</span> <span class='ocrx_word' id='word_1_76' title='bbox 550 1576 637 1648; x_wconf 86' lang='lat' dir='ltr'>Noli</span> <span class='ocrx_word' id='word_1_77' title='bbox 655 1576 811 1648; x_wconf 86' lang='lat' dir='ltr'>credere</span> <span class='ocrx_word' id='word_1_78' title='bbox 830 1579 1066 1653; x_wconf 86' lang='lat' dir='ltr'>industriam</span> <span class='ocrx_word' id='word_1_79' title='bbox 1087 1606 1128 1653; x_wconf 81' lang='lat' dir='ltr'>so</span> 
     </span>
     <span class='ocr_line' id='line_1_12' title="bbox 136 1695 1128 1794; baseline -0.004 -23"><span class='ocrx_word' id='word_1_80' title='bbox 136 1701 360 1794; x_wconf 90' lang='lat' dir='ltr'>lertiamque</span> <span class='ocrx_word' id='word_1_81' title='bbox 376 1720 509 1767; x_wconf 87' lang='lat' dir='ltr'>verum</span> <span class='ocrx_word' id='word_1_82' title='bbox 523 1695 789 1790; x_wconf 73' lang='lat' dir='ltr'>quaerentium,</span> <span class='ocrx_word' id='word_1_83' title='bbox 803 1710 841 1766; x_wconf 89' lang='lat' dir='ltr'>et</span> <span class='ocrx_word' id='word_1_84' title='bbox 858 1720 947 1768; x_wconf 85' lang='lat' dir='ltr'>retu</span> <span class='ocrx_word' id='word_1_85' title='bbox 966 1698 1128 1773; x_wconf 79' lang='lat' dir='ltr'>medicam</span> 
     </span>
     <span class='ocr_line' id='line_1_13' title="bbox 132 1812 1127 1914; baseline -0.002 -25"><span class='ocrx_word' id='word_1_86' title='bbox 132 1819 263 1914; x_wconf 84' lang='lat' dir='ltr'>juvare</span> <span class='ocrx_word' id='word_1_87' title='bbox 281 1815 482 1885; x_wconf 89' lang='lat' dir='ltr'>nitentium</span> <span class='ocrx_word' id='word_1_88' title='bbox 505 1813 700 1884; x_wconf 86' lang='lat' dir='ltr'>minorisa</span> <span class='ocrx_word' id='word_1_89' title='bbox 718 1835 778 1884; x_wconf 86' lang='lat' dir='ltr'>me</span> <span class='ocrx_word' id='word_1_90' title='bbox 803 1812 898 1885; x_wconf 92' lang='lat' dir='ltr'>duci</span> <span class='ocrx_word' id='word_1_91' title='bbox 923 1840 1045 1913; x_wconf 84' lang='lat' dir='ltr'>quam</span> <span class='ocrx_word' id='word_1_92' title='bbox 1062 1816 1127 1888; x_wconf 85' lang='lat' dir='ltr'>acl.</span> 
     </span>
     <span class='ocr_line' id='line_1_14' title="bbox 136 1929 1130 2034; baseline 0 -29"><span class='ocrx_word' id='word_1_93' title='bbox 136 1937 239 2021; x_wconf 86' lang='lat' dir='ltr'>viro,</span> <span class='ocrx_word' id='word_1_94' title='bbox 256 1933 323 2031; x_wconf 91' lang='lat' dir='ltr'>qui</span> <span class='ocrx_word' id='word_1_95' title='bbox 341 1932 525 2030; x_wconf 90' lang='lat' dir='ltr'>propositi</span> <span class='ocrx_word' id='word_1_96' title='bbox 545 1929 687 2028; x_wconf 82' lang='lat' dir='ltr'>doloris</span> <span class='ocrx_word' id='word_1_97' title='bbox 701 1929 1003 2028; x_wconf 81' lang='lat' dir='ltr'>explicationem</span> <span class='ocrx_word' id='word_1_98' title='bbox 1017 1934 1130 2034; x_wconf 76' lang='lat' dir='ltr'>probet</span> 
     </span>
     <span class='ocr_line' id='line_1_15' title="bbox 136 2046 1129 2152; baseline 0.001 -28"><span class='ocrx_word' id='word_1_99' title='bbox 136 2077 205 2152; x_wconf 90' lang='lat' dir='ltr'>per</span> <span class='ocrx_word' id='word_1_100' title='bbox 222 2050 451 2148; x_wconf 89' lang='lat' dir='ltr'>suspensorii</span> <span class='ocrx_word' id='word_1_101' title='bbox 469 2047 612 2144; x_wconf 88' lang='lat' dir='ltr'>hepatis</span> <span class='ocrx_word' id='word_1_102' title='bbox 631 2046 824 2144; x_wconf 80' lang='lat' dir='ltr'>ligamenti</span> <span class='ocrx_word' id='word_1_103' title='bbox 845 2046 1006 2124; x_wconf 84' lang='lat' dir='ltr'>firmam</span> <span class='ocrx_word' id='word_1_104' title='bbox 1023 2052 1068 2124; x_wconf 86' lang='lat' dir='ltr'>ad</span> <span class='ocrx_word' id='word_1_105' title='bbox 1080 2076 1129 2151; x_wconf 81' lang='lat' dir='ltr'>pe·</span> 
     </span>
     <span class='ocr_line' id='line_1_16' title="bbox 135 2163 1130 2264; baseline -0.002 -23"><span class='ocrx_word' id='word_1_106' title='bbox 135 2173 332 2241; x_wconf 72' lang='lat' dir='ltr'>ritoneeum</span> <span class='ocrx_word' id='word_1_107' title='bbox 351 2191 426 2264; x_wconf 87' lang='lat' dir='ltr'>qua</span> <span class='ocrx_word' id='word_1_108' title='bbox 442 2163 682 2237; x_wconf 85' lang='lat' dir='ltr'>ensiformem</span> <span class='ocrx_word' id='word_1_109' title='bbox 705 2164 972 2262; x_wconf 77' lang='lat' dir='ltr'>cartilaginem</span> <span class='ocrx_word' id='word_1_110' title='bbox 995 2168 1130 2241; x_wconf 86' lang='lat' dir='ltr'>obducit</span> 
     </span>
     <span class='ocr_line' id='line_1_17' title="bbox 134 2279 1130 2384; baseline -0.002 -25"><span class='ocrx_word' id='word_1_111' title='bbox 134 2288 409 2383; x_wconf 78' lang='lat' dir='ltr'>alligationem:</span> <span class='ocrx_word' id='word_1_112' title='bbox 429 2281 494 2355; x_wconf 75' lang='lat' dir='ltr'>secl</span> <span class='ocrx_word' id='word_1_113' title='bbox 515 2305 604 2350; x_wconf 86' lang='lat' dir='ltr'>mox</span> <span class='ocrx_word' id='word_1_114' title='bbox 623 2279 757 2351; x_wconf 86' lang='lat' dir='ltr'>eodem</span> <span class='ocrx_word' id='word_1_115' title='bbox 780 2305 860 2378; x_wconf 90' lang='lat' dir='ltr'>quo</span> <span class='ocrx_word' id='word_1_116' title='bbox 885 2298 926 2355; x_wconf 84' lang='lat' dir='ltr'>et</span> <span class='ocrx_word' id='word_1_117' title='bbox 951 2310 1047 2384; x_wconf 77' lang='lat' dir='ltr'>ego,</span> <span class='ocrx_word' id='word_1_118' title='bbox 1070 2285 1130 2356; x_wconf 81' lang='lat' dir='ltr'>veti</span> 
     </span>
     <span class='ocr_line' id='line_1_18' title="bbox 136 2397 1130 2498; baseline -0.003 -20"><span class='ocrx_word' id='word_1_119' title='bbox 136 2404 261 2478; x_wconf 89' lang='lat' dir='ltr'>studio</span> <span class='ocrx_word' id='word_1_120' title='bbox 286 2418 323 2473; x_wconf 91' lang='lat' dir='ltr'>et</span> <span class='ocrx_word' id='word_1_121' title='bbox 351 2424 478 2472; x_wconf 88' lang='lat' dir='ltr'>amore</span> <span class='ocrx_word' id='word_1_122' title='bbox 503 2413 714 2496; x_wconf 87' lang='lat' dir='ltr'>permotus,</span> <span class='ocrx_word' id='word_1_123' title='bbox 737 2397 816 2471; x_wconf 81' lang='lat' dir='ltr'>haec</span> <span class='ocrx_word' id='word_1_124' title='bbox 839 2399 1025 2498; x_wconf 85' lang='lat' dir='ltr'>subjicit:</span> <span class='ocrx_word' id='word_1_125' title='bbox 1040 2424 1130 2475; x_wconf 71' lang='lat' dir='ltr'>enon</span> 
     </span>
     <span class='ocr_line' id='line_1_19' title="bbox 135 2514 1131 2614; baseline 0.002 -24"><span class='ocrx_word' id='word_1_126' title='bbox 135 2555 152 2590; x_wconf 81' lang='grc'>»</span> <span class='ocrx_word' id='word_1_127' title='bbox 178 2525 217 2594; x_wconf 88' lang='lat' dir='ltr'>in</span> <span class='ocrx_word' id='word_1_128' title='bbox 242 2521 439 2593; x_wconf 86' lang='lat' dir='ltr'>calculosis</span> <span class='ocrx_word' id='word_1_129' title='bbox 463 2517 641 2614; x_wconf 86' lang='lat' dir='ltr'>jecinoris</span> <span class='ocrx_word' id='word_1_130' title='bbox 662 2514 860 2589; x_wconf 80' lang='lat' dir='ltr'>aflectibus</span> <span class='ocrx_word' id='word_1_131' title='bbox 886 2534 1062 2613; x_wconf 84' lang='lat' dir='ltr'>tantum,</span> <span class='ocrx_word' id='word_1_132' title='bbox 1084 2546 1131 2593; x_wconf 82' lang='lat' dir='ltr'>vc·</span> 
     </span>
     <span class='ocr_line' id='line_1_20' title="bbox 134 2634 1132 2755; baseline 0.003 -44"><span class='ocrx_word' id='word_1_133' title='bbox 134 2672 152 2711; x_wconf 70' lang='lat' dir='ltr'>&gt;i</span> <span class='ocrx_word' id='word_1_134' title='bbox 177 2666 262 2714; x_wconf 89' lang='lat' dir='ltr'>rum</span> <span class='ocrx_word' id='word_1_135' title='bbox 276 2656 320 2755; x_wconf 34' lang='lat' dir='ltr'>*et</span> <span class='ocrx_word' id='word_1_136' title='bbox 333 2641 372 2709; x_wconf 90' lang='lat' dir='ltr'>in</span> <span class='ocrx_word' id='word_1_137' title='bbox 389 2634 685 2735; x_wconf 84' lang='lat' dir='ltr'>phlegmonibus</span> <span class='ocrx_word' id='word_1_138' title='bbox 706 2635 833 2707; x_wconf 82' lang='lat' dir='ltr'>aliisve</span> <span class='ocrx_word' id='word_1_139' title='bbox 849 2639 1030 2732; x_wconf 84' lang='lat' dir='ltr'>ejusdem</span> <span class='ocrx_word' id='word_1_140' title='bbox 1042 2642 1132 2714; x_wconf 77' lang='lat' dir='ltr'>vitoe·</span> 
     </span>
     <span class='ocr_line' id='line_1_21' title="bbox 136 2753 1133 2855; baseline 0.002 -29"><span class='ocrx_word' id='word_1_141' title='bbox 136 2793 153 2826; x_wconf 81' lang='lat'>»</span> <span class='ocrx_word' id='word_1_142' title='bbox 179 2761 231 2831; x_wconf 90' lang='lat' dir='ltr'>ris</span> <span class='ocrx_word' id='word_1_143' title='bbox 255 2755 485 2843; x_wconf 87' lang='lat' dir='ltr'>tumoribus,</span> <span class='ocrx_word' id='word_1_144' title='bbox 510 2756 577 2851; x_wconf 92' lang='lat' dir='ltr'>qui</span> <span class='ocrx_word' id='word_1_145' title='bbox 599 2777 677 2825; x_wconf 91' lang='lat' dir='ltr'>non</span> <span class='ocrx_word' id='word_1_146' title='bbox 697 2753 833 2850; x_wconf 89' lang='lat' dir='ltr'>procul</span> <span class='ocrx_word' id='word_1_147' title='bbox 851 2754 904 2826; x_wconf 85' lang='lat' dir='ltr'>ab</span> <span class='ocrx_word' id='word_1_148' title='bbox 926 2756 1086 2855; x_wconf 87' lang='lat' dir='ltr'>hujusce</span> <span class='ocrx_word' id='word_1_149' title='bbox 1104 2758 1133 2828; x_wconf 89' lang='lat' dir='ltr'>li·</span> 
     </span>
     <span class='ocr_line' id='line_1_22' title="bbox 134 2871 1130 2976; baseline -0.004 -30"><span class='ocrx_word' id='word_1_150' title='bbox 134 2910 153 2946; x_wconf 90' lang='lat'>»</span> <span class='ocrx_word' id='word_1_151' title='bbox 179 2877 342 2976; x_wconf 76' lang='lat' dir='ltr'>gementi</span> <span class='ocrx_word' id='word_1_152' title='bbox 366 2872 555 2944; x_wconf 88' lang='lat' dir='ltr'>radicibus</span> <span class='ocrx_word' id='word_1_153' title='bbox 573 2871 804 2960; x_wconf 84' lang='lat' dir='ltr'>consistunt,</span> <span class='ocrx_word' id='word_1_154' title='bbox 823 2891 1052 2970; x_wconf 80' lang='lat' dir='ltr'>opportuna</span> <span class='ocrx_word' id='word_1_155' title='bbox 1070 2877 1130 2950; x_wconf 73' lang='lat' dir='ltr'>huc</span> 
     </span>
     <span class='ocr_line' id='line_1_23' title="bbox 134 2987 1131 3094; baseline 0.004 -29"><span class='ocrx_word' id='word_1_156' title='bbox 134 3028 151 3065; x_wconf 73' lang='lat' dir='ltr'>n</span> <span class='ocrx_word' id='word_1_157' title='bbox 178 2993 327 3069; x_wconf 88' lang='lat' dir='ltr'>suntad</span> <span class='ocrx_word' id='word_1_158' title='bbox 342 2993 444 3063; x_wconf 84' lang='lat' dir='ltr'>varia</span> <span class='ocrx_word' id='word_1_159' title='bbox 458 2987 723 3086; x_wconf 89' lang='lat' dir='ltr'>hujuscemodi</span> <span class='ocrx_word' id='word_1_160' title='bbox 741 2989 830 3060; x_wconf 87' lang='lat' dir='ltr'>inde</span> <span class='ocrx_word' id='word_1_161' title='bbox 848 2991 1014 3066; x_wconf 79' lang='lat' dir='ltr'>suborta</span> <span class='ocrx_word' id='word_1_162' title='bbox 1030 3017 1131 3094; x_wconf 79' lang='lat' dir='ltr'>symp-</span> 
     </span>
     <span class='ocr_line' id='line_1_24' title="bbox 133 3108 1131 3208; baseline 0.002 -27"><span class='ocrx_word' id='word_1_163' title='bbox 133 3146 151 3181; x_wconf 82' lang='lat'>»</span> <span class='ocrx_word' id='word_1_164' title='bbox 176 3127 317 3186; x_wconf 85' lang='lat' dir='ltr'>tomata</span> <span class='ocrx_word' id='word_1_165' title='bbox 329 3108 566 3208; x_wconf 84' lang='lat' dir='ltr'>explicanda,</span> <span class='ocrx_word' id='word_1_166' title='bbox 583 3122 621 3180; x_wconf 89' lang='lat' dir='ltr'>et</span> <span class='ocrx_word' id='word_1_167' title='bbox 634 3109 820 3204; x_wconf 73' lang='lat' dir='ltr'>precipue</span> <span class='ocrx_word' id='word_1_168' title='bbox 838 3109 990 3183; x_wconf 88' lang='lat' dir='ltr'>dictum</span> <span class='ocrx_word' id='word_1_169' title='bbox 1010 3114 1131 3185; x_wconf 84' lang='lat' dir='ltr'>cartila-</span> 
     </span>
     <span class='ocr_line' id='line_1_25' title="bbox 133 3225 1129 3331; baseline 0 -30"><span class='ocrx_word' id='word_1_170' title='bbox 133 3232 274 3331; x_wconf 81' lang='lat' dir='ltr'>»ginis</span> <span class='ocrx_word' id='word_1_171' title='bbox 310 3243 540 3303; x_wconf 79' lang='lat' dir='ltr'>mucronatae</span> <span class='ocrx_word' id='word_1_172' title='bbox 572 3225 765 3313; x_wconf 89' lang='lat' dir='ltr'>dolorem,</span> <span class='ocrx_word' id='word_1_173' title='bbox 791 3229 860 3324; x_wconf 91' lang='lat' dir='ltr'>qui</span> <span class='ocrx_word' id='word_1_174' title='bbox 892 3229 935 3300; x_wconf 92' lang='lat' dir='ltr'>in</span> <span class='ocrx_word' id='word_1_175' title='bbox 964 3230 1129 3303; x_wconf 86' lang='lat' dir='ltr'>similibus</span> 
     </span>
     <span class='ocr_line' id='line_1_26' title="bbox 133 3342 1128 3442; baseline 0.002 -23"><span class='ocrx_word' id='word_1_176' title='bbox 133 3381 150 3418; x_wconf 73' lang='lat' dir='ltr'>n</span> <span class='ocrx_word' id='word_1_177' title='bbox 176 3346 464 3425; x_wconf 85' lang='lat' dir='ltr'>circumstantiis</span> <span class='ocrx_word' id='word_1_178' title='bbox 477 3344 621 3442; x_wconf 87' lang='lat' dir='ltr'>hepatis</span> <span class='ocrx_word' id='word_1_179' title='bbox 634 3342 957 3423; x_wconf 79' lang='lat' dir='ltr'>inflammationes</span> <span class='ocrx_word' id='word_1_180' title='bbox 970 3375 1050 3422; x_wconf 91' lang='lat' dir='ltr'>non</span> <span class='ocrx_word' id='word_1_181' title='bbox 1059 3371 1128 3421; x_wconf 73' lang='lat' dir='ltr'>raro</span> 
     </span>
     <span class='ocr_line' id='line_1_27' title="bbox 71 3464 618 3561; baseline -0.015 -26"><span class='ocrx_word' id='word_1_182' title='bbox 71 3554 74 3561; x_wconf 19' lang='grc' dir='ltr'>ι</span> <span class='ocrx_word' id='word_1_183' title='bbox 132 3499 150 3535; x_wconf 64' lang='lat' dir='ltr'>&gt;i</span> <span class='ocrx_word' id='word_1_184' title='bbox 175 3466 348 3542; x_wconf 85' lang='lat' dir='ltr'>comitari</span> <span class='ocrx_word' id='word_1_185' title='bbox 360 3464 579 3535; x_wconf 87' lang='lat' dir='ltr'>consuescit.</span> <span class='ocrx_word' id='word_1_186' title='bbox 601 3490 618 3527; x_wconf 75' lang='lat' dir='ltr'>n</span> 
     </span>
    </p>

    <p class='ocr_par' dir='ltr' id='par_1_3' title="bbox 182 3578 1127 3679">
     <span class='ocr_line' id='line_1_28' title="bbox 182 3578 1127 3679; baseline 0 -25"><span class='ocrx_word' id='word_1_187' title='bbox 182 3593 239 3675; x_wconf 79' lang='grc' dir='ltr'>[μ.</span> <span class='ocrx_word' id='word_1_188' title='bbox 261 3586 348 3655; x_wconf 87' lang='lat' dir='ltr'>Non</span> <span class='ocrx_word' id='word_1_189' title='bbox 373 3580 490 3652; x_wconf 89' lang='lat' dir='ltr'>modo</span> <span class='ocrx_word' id='word_1_190' title='bbox 514 3594 639 3649; x_wconf 86' lang='lat' dir='ltr'>autem</span> <span class='ocrx_word' id='word_1_191' title='bbox 661 3578 737 3649; x_wconf 89' lang='lat' dir='ltr'>hoc</span> <span class='ocrx_word' id='word_1_192' title='bbox 761 3581 918 3679; x_wconf 86' lang='lat' dir='ltr'>signum</span> <span class='ocrx_word' id='word_1_193' title='bbox 944 3608 1127 3659; x_wconf 85' lang='lat' dir='ltr'>commum</span> 
     </span>
    </p>
   </div>
   <div class='ocr_carea' id='block_1_3' title="bbox 172 3954 436 4039">
    <p class='ocr_par' dir='ltr' id='par_1_4' title="bbox 172 3954 436 4039">
     <span class='ocr_line' id='line_1_29' title="bbox 172 3954 436 4039; baseline -0.023 -24"><span class='ocrx_word' id='word_1_194' title='bbox 172 3955 215 4039; x_wconf 79' lang='grc' dir='ltr'>(ι)</span> <span class='ocrx_word' id='word_1_195' title='bbox 235 3960 274 4015; x_wconf 87' lang='lat' dir='ltr'>N.</span> <span class='ocrx_word' id='word_1_196' title='bbox 296 3975 332 4012; x_wconf 82' lang='lat' dir='ltr'>ro</span> <span class='ocrx_word' id='word_1_197' title='bbox 347 3966 376 4012; x_wconf 82' lang='lat' dir='ltr'>et</span> <span class='ocrx_word' id='word_1_198' title='bbox 389 3954 436 4020; x_wconf 76' lang='grc'>31..</span> 
     </span>
    </p>
   </div>
   <div class='ocr_carea' id='block_1_4' title="bbox 0 0 1294 4514">
    <p class='ocr_par' dir='ltr' id='par_1_5' title="bbox 0 0 1294 4514">
     <span class='ocr_line' id='line_1_30' title="bbox 0 0 1294 4514; baseline 0 0"><span class='ocrx_word' id='word_1_199' title='bbox 0 0 1294 4514; x_wconf 95' lang='lat' dir='ltr'> </span> 
     </span>
    </p>
   </div>
  </div>
 </body>
</html>
