2580 4514
187 288 256 350 tn.
274 289 330 348 tn.
350 299 396 346 uu
409 280 554 361 mus
574 298 1046 365 VEttrttts,EP1sr.xxxv111.
1075 272 1144 381 ‘705

115 490 120 497 ,
138 416 311 513 quamvis
328 413 424 486 mala
439 413 544 508 signa
563 412 694 508 primis
712 429 748 484 et
763 416 1052 514 insequentibus
1067 422 1146 491 die-

137 533 211 604 bus
227 557 264 603 se
277 530 504 628 proderent,
519 530 570 615 sic
583 531 707 599 tamen
722 546 847 603 sanata
864 549 939 620 est,
954 538 1024 604 nisi
1043 538 1145 632 quod

138 645 413 722 ventrisfistula
431 661 618 743 superstes
631 644 718 733 fuit,
738 664 779 718 nt
795 645 913 719 filiurn
931 659 1148 748 conceperit

141 782 179 838 et
195 765 402 863 pepererit,
432 777 467 833 et
484 762 707 859 corpulenta
725 791 766 835 ac
782 781 912 862 vegeta
930 767 1072 865 aliquot
1087 795 1148 840 an-

143 907 215 954 nos
232 883 383 967 vixerit,
406 879 528 950 donec
549 877 660 952 ‘febre
684 882 891 978 epidemica
917 883 1058 955 sublata
1080 904 1146 960 est.

142 1002 211 1071 Hic
231 1024 310 1069 non
331 996 451 1068 dicam
461 997 639 1092 juvenem
660 994 771 1069 fuisse
788 999 1003 1087 mulierem,
1022 1028 1148 1099 neque

146 1117 289 1202 dicam,
317 1116 407 1185 dum
435 1129 566 1185 venter
589 1128 772 1201 tumeret,
802 1142 950 1213 gravem
982 1121 1150 1216 spirandi

146 1233 424 1317 difficultatem,
443 1233 596 1317 tussim,
619 1231 758 1328 pedum
770 1246 957 1305 tumorem
975 1234 1148 1308 abfuisse:

146 1354 222 1423 hoc
239 1377 359 1422 unum
379 1349 672 1421 animadvertam
686 1350 790 1446 signa
804 1349 881 1421 haec
893 1366 929 1421 et
941 1369 1085 1423 seccato
1099 1354 1149 1424 in·
1173 1333 1175 1343 Ι

146 1487 257 1542 terno
271 1468 444 1566 hydropi,
454 1482 490 1538 et
503 1465 666 1563 hydropi
677 1468 870 1562 peritonaei
884 1493 961 1540 esse
983 1495 1150 1543 commu·

147 1583 230 1675 nia,
250 1610 375 1683 neque
394 1612 436 1656 ex
451 1584 605 1655 historia
617 1599 809 1669 constare,
827 1585 891 1655 illo
901 1589 1023 1682 potius
1037 1614 1173 1685 quam·

149 1707 224 1776 hoc
236 1703 421 1775 laborasse
435 1701 631 1772 mulierem
649 1705 852 1798 prasertim
874 1729 959 1774 cum
974 1705 1150 1804 altera(1)
1241 1728 1244 1752 ²

151 1850 195 1895 ex
213 1824 342 1894 iisdem
368 1822 482 1919 signis
503 1819 600 1891 tubae
624 1821 763 1916 pariter
787 1821 958 1919 hydrope
979 1823 1150 1897 laborare

150 1934 515 2038 credita,post'quam
535 1959 631 2035 aqua
646 1936 761 2009 effusa
774 1936 871 2010 hene
885 1966 922 2012 se
934 1944 1063 2037 primis
1076 1944 1150 2015 die-

150 2060 222 2130 bus
238 2058 444 2140 habuisset,
467 2071 687 2125 moxautem
701 2056 824 2149 pravis
839 2060 1151 2150 symptomatibus

151 2173 431 2270 ingruentibus,
446 2172 602 2266 septima
613 2169 660 2239 ab
674 2194 778 2265 aquas
793 2169 977 2243 effusione
991 2174 1152 2245 diemor-

151 2307 214 2362 tua
228 2305 340 2374 esset,
357 2312 492 2385 aquam
504 2287 604 2355 illam
616 2287 736 2384 ,quod
753 2287 916 2358 candore
928 2292 1032 2359 omni
1043 2291 1152 2366 laude

153 2408 268 2506 digno
285 2407 438 2475 minime
456 2405 653 2491 reticetur,
671 2406 769 2474 inter
781 2407 1024 2501 peritonaeum
1044 2423 1080 2478 et
1096 2411 1154 2478 in-

154 2525 330 2596 duratum
346 2537 542 2592 omentum
562 2536 776 2619 congestam
791 2520 901 2592 fuisse
911 2577 921 2608 ,
941 2523 1154 2603 dissecanti·

152 2641 414 2721 busostendit.'
442 2641 562 2729 Quin,
590 2655 632 2710 ut
664 2664 733 2735 pro
762 2638 894 2709 eodem
920 2643 997 2712 veri
1029 2643 1165 2713 studio*

155 2760 275 2831 nihil
268 2785 346 2856 ipse
367 2783 521 2855 quoque
549 2759 724 2828 reticeam
750 2757 837 2841 tihi,
860 2759 911 2828 sic
939 2757 1151 2846 habeto,
1124 2785 1155 2830 si
1200 2800 1204 2808 ‹

154 2880 239 2976 quis
263 2876 358 2947 forte
381 2875 584 2946 contendat
604 2875 696 2945 duas
716 2874 796 2947 illas
803 2878 975 2992 Verneyi
993 2878 1155 2946 curatio-

153 3021 221 3067 nes
240 2996 365 3092 potius
383 2991 430 3063 ad
450 2992 643 3090 peritonaei
657 2961 869 3089 hydropem
884 2995 1087 3079 attinuisse,
1101 2994 1168 3064 nil'

154 3112 248 3182 mihi
280 3125 477 3207 suppetere
513 3109 618 3206 quod
652 3109 923 3205 respondeam,
952 3113 1153 3205 praesertim
1195 3193 1197 3198 ,
1239 3189 1244 3194 ,

152 3253 239 3301 cum
256 3227 373 3312 illam,
388 3251 469 3322 quae
485 3241 681 3323 persanata
695 3227 963 3322 est„virginem
981 3251 1048 3322 per
1066 3252 1153 3296 ana-

155 3371 242 3416 men
272 3345 480 3441 inspectare
512 3367 590 3413 non
624 3345 815 3440 potuerit,
851 3329 1002 3413 viduam
1030 3358 1155 3412 autem

158 3487 270 3559 quam
289 3459 442 3532 fortasse
460 3476 607 3558 poterat
622 3486 700 3531 non
720 3461 936 3557 inspectarit
961 3481 968 3528 ὲ
997 3462 1072 3528 imo
1092 3459 1158 3530 ubi

157 3594 356 3676 utramque
382 3579 482 3649 illam
500 3580 737 3661 ‚curationem
753 3579 917 3674 primunr
940 3577 1158 3673 proposuit,

163 3738 1156 3783 ...fi-mm
1227 3762 1233 3775 .

197 3861 240 3941 (ι)
260 3861 337 3917 ibat.
352 3880 381 3915 n.
396 3881 423 3931 ς.

234 3964 268 4046 t·
965 3953 1011 4039 45
