2580 4514
113 393 182 438 nin.
212 391 269 437 111.
299 390 345 435 nn
371 385 705 449 nonsummum,
731 387 842 433 nmsr.
871 388 997 435 xxvnt.
1025 366 1073 451 43

64 504 229 604 liquida,
249 503 540 600 deglutiremur.
559 503 618 572 Ait
633 503 761 589 enim,
782 503 996 599 oesophagi,
1021 504 1074 575 ita

60 631 213 724 pervim
226 621 409 718 elongati,
426 626 630 698 cavitatem
640 627 797 697 evasisse
805 628 1074 720 augustiorem,

66 747 271 840 ipsumque
303 741 585 837 compressione
620 755 802 813 arctatum
835 741 1075 813 stomachum

66 861 293 961 ingressuris
317 859 411 931 cibis
435 859 631 931 obstitisse.
656 837 1074 958 Explicationis'autem

65 977 289 1077 hujusmodi
299 981 468 1075 priorem
480 993 625 1076 partem
642 977 688 1048 ad
709 993 839 1050 caetera
862 978 949 1050 addi
964 1003 1074 1077 posse

67 1121 227 1184 cense0,
243 1111 286 1167 ut
301 1109 409 1167 tanto
426 1092 573 1167 facilius
587 1095 819 1191 intelligatur
836 1096 874 1164 in
896 1097 1073 1167 sectionis

65 1217 178 1312 hujus
206 1215 472 1287 observatione
506 1217 522 1283 Ι
551 1267 561 1300 ,
598 1238 666 1284 cur
695 1212 804 1285 miles
833 1214 1073 1310 opisthotono

67 1349 283 1432 correptos,
305 1331 403 1402 nihil
421 1348 554 1433 posset
574 1330 767 1427 deglutire.
794 1333 947 1404 Cervice
974 1334 1076 1402 enim

66 1452 109 1550 ad
138 1451 356 1550 posteriora
382 1448 539 1549 RQ,
566 1448 796 1520 distenditur
820 1449 930 1547 gula,
957 1464 993 1519 et
1022 1450 1075 1539 sic

68 1586 209 1666 quanto
229 1570 409 1666 longiori
424 1582 531 1641 tanto
548 1569 659 1640 etiam
677 1568 872 1665 angustior
888 1566 953 1656 fit,
970 1582 1076 1638 ante·

67 1691 164 1759 riore
204 1688 287 1784 ejus
323 1685 552 1785 parietead·
575 1686 825 1785 postpriorem
861 1684 1075 1758 accedente.

67 1805 256 1903 Idemque.
276 1787 570 1903 explicationum
599 1829 718 1905 genus
740 1802 881 1882 habere
903 1806 945 1876 in
961 1820 1076 1904 parte

67 1924 191 1996 locum
219 1937 346 2021 potest
368 1922 436 1993 ubi
460 1923 708 2029 Hippogrates,
734 1921 806 2021 (1)
826 1923 872 1996 de
896 1947 1076 2021 superve-

66 2043 196 2114 niente
219 2039 310 2112 colli
328 2045 572 2138 pertuterst'ottc¹
587 2038 789 2139 loquitur,
816 2057 858 2113 ut
883 2066 981 2140 aeger
1008 2046 1077 2114 vix

61 2165 183 2256 possit
200 2158 394 2231 devorare.

114 2279 171 2349 18.
192 2278 280 2348 Non
305 2299 365 2361 me
386 2270 505 2377 fugite
521 2274 686 2374 proferri
707 2272 796 2349 alias
814 2300 923 2376 posse
948 2302 1077 2350 causas

65 2396 154 2468 laesae
166 2394 610 2497 deglutitionisjquarum
622 2396 766 2492 aliquas
776 2396 815 2466 in
826 2395 1076 2494 Sepulchreto

65 2513 146 2610 ipso
171 2512 351 2584 invenies.
373 2513 464 2597 Non
483 2509 590 2601 facile
615 2527 742 2584 tamen
759 2514 859 2584 inter
882 2509 1076 2598 hasfillam
1198 2500 1205 2516 '

66 2655 133 2727 pro
168 2644 275 2703 certo
302 2626 470 2717 refereS,
503 2655 585 2727 quae
620 2629 884 2704 observatione
918 2632 1077 2729 promit-

65 2749 155 2819 titur
179 2751 289 2834 XHI,
320 2747 394 2818 hoc
419 2745 574 2845 praefixo
601 2750 711 2819 titulo
742 2749 946 2845 Deglutitio
974 2748 1087 2839 disti·-

65 2865 140 2936 cilis
155 2865 206 2936 ob
223 2865 465 2962 oesophogom
483 2865 656 2938 dioisoot.
674 2872 786 2936 Hunc
808 2867 910 2937 enim
935 2867 1076 2939 Blasius
1097 2922 1100 2927 .

66 2984 102 3053 in
128 3008 177 3055 eo
202 3008 324 3081 puero
349 2982 530 3055 describit
558 2983 712 3080 quidem
737 2984 835 3055 intra
857 2983 1077 3080 thoracem,v

66 3100 781 3201 itafldivisummtaliquantoinferiusin
792 3082 1076 3191 unumretlirct,

67 3221 161 3309 sive,
187 3236 230 3292 ut
250 3214 456 3293 anatomici
478 3246 581 3292 nunc
600 3223 817 3318 ¹loquuntur
840 3216 1000 3294 insulam
1022 3219 1076 3291 fa-

71 3355 179 3411 ceret.
209 3339 281 3410 Sed
311 3339 358 3411 de
387 3337 466 3418 ulla
491 3339 750 3437 deglutitionis
782 3338 1001 3411 difficultate
1028 3365 1081 3411 ne

67 3482 186 3529 unum
205 3456 362 3555 quidem
383 3458 573 3555 interjecit
588 3457 772 3547 verbum3
801 3472 843 3529 ut
860 3483 902 3529 ea
928 3455 1077 3528 confor-

69 3580 180 3648 matio
196 3579 315 3676 magis
331 3578 481 3648 insolita
495 3576 667 3649 videatur
679 3575 808 3667 fuisse,
823 3602 936 3675 quam
952 3577 1073 3652 noxia.

99 3952 142 4032 (ι)
163 3954 245 4012 Sect.
265 3959 302 4022 4,
321 3945 494 4045 aphonffi.
518 4028 523 4037 1
