2580 4514
142 448 150 465 ,
211 410 278 458 nm.
298 404 353 455 111.
372 407 419 455 nu
434 406 568 454 uonms
586 406 755 469 vaurms,
773 406 882 485 nrrsr.
902 409 1054 457 xxxvm.
1081 386 1153 459 605

159 537 239 610 est,
254 521 360 619 quod
379 536 416 593 et
433 521 601 593 laudatus
623 525 817 614 Verneyus
833 521 885 618 (1)
900 538 984 619 post
1003 522 1155 594 uberio-

159 665 242 712 rem
262 638 498 728 eductionem
524 637 700 734 jubebat,
725 634 845 708 fasciis
869 638 1156 737 adstringendo,

157 757 421 827 verumetiam
447 753 559 852 idque
587 755 790 850 prasertim
820 755 936 851 magis
964 759 1155 854 magisque

138 871 451 957 -dumeducitnn
477 874 559 960 Qua
582 872 726 941 ratione
743 870 774 941 is
791 873 856 968 qui
880 873 1022 968 primus
1041 887 1077 943 et
1094 897 1156 942 ex-

160 991 336 1086 cogitavit
349 1004 386 1062 et
403 988 575 1060 adhibuit
586 987 753 1059 medicus
763 989 918 1059 eximius
934 987 1156 1085 Meadiusla)

158 1131 250 1195 ‚cum
263 1107 371 1194 alios,
389 1121 470 1177 tum
485 1105 670 1203 praecipue
687 1105 914 1193 mulierema
930 1129 967 1176 se
980 1129 1171 1202 persana.

143 1239 240 1313 ,tam
267 1237 475 1309 memorat,
499 1223 560 1294 cui
586 1222 697 1294 sirnul
722 1238 758 1292 et
782 1223 896 1293 semel
919 1246 1016 1319 aqua
1035 1225 1156 1294 omnis

160 1341 294 1414 emissa
318 1356 373 1412 est
399 1339 528 1439 pondo
555 1339 737 1411 librarum
758 1345 975 1435 sexaginta,
1004 1338 1156 1410 alteram

157 1473 418 1554 autemannos
436 1482 498 1530 sex
518 1472 554 1528 et
573 1472 715 1555 septem
733 1480 879 1528 menses
892 1472 1094 1543 servatam,
1113 1483 1158 1528 ex

159 1598 236 1671 qua
251 1590 329 1646 toto
348 1574 411 1644 illo
430 1573 609 1670 temporis
622 1573 741 1670 spatio
756 1571 990 1660 incredibili,
1012 1574 1082 1644 nisi
1099 1597 1158 1645 res

159 1691 261 1761 inter
279 1714 410 1762 omnes
422 1688 583 1760 Londini
601 1703 805 1776 constaret,
825 1690 931 1786 copia
946 1688 1079 1761 educta
1092 1703 1157 1779 est,

135 1805 268 1879 ‚librae
295 1808 474 1877 nimirum
500 1805 601 1878 mille
629 1821 824 1902 nongenta?
850 1823 887 1876 et
904 1807 1054 1902 'viginti
1086 1806 1159 1878 Sed

139 1949 276 2021 *aquam
295 1939 401 1996 caute
420 1923 498 1994 haec
517 1925 591 1995 sint
606 1939 642 1994 et
659 1923 894 2021 suscipienda
913 1939 950 1994 et
969 1921 1154 2014 facienda,

154 2041 329 2130 [nobilem
358 2057 454 2139 quos
487 2041 672 2127 nominat,
697 2041 795 2112 inter
824 2041 963 2137 Anglos
992 2040 1159 2137 chirurgi

133 2172 446 2260 ·2proposuerunt
462 2184 469 2226 :
487 2179 703 2252 quanquam
726 2172 762 2226 et
783 2157 854 2253 ipsi
876 2171 964 2226 nota
983 2173 1077 2228 esset
1094 2157 1159 2252 by-

135 2332 138 2338 ,
160 2274 320 2370 dropica
339 2298 441 2369 quoe,
459 2272 629 2370 disrupto
646 2297 714 2369 per
731 2296 768 2343 se
784 2271 1003 2359 abdomine,
1020 2287 1056 2344 et
1076 2273 1159 2369 plu·-

158 2392 260 2464 rima
282 2413 380 2494 aqua
405 2387 543 2473 effusa,
577 2402 763 2486 superstes
792 2386 885 2475 fuit,
912 2390 974 2459 cui
1001 2389 1159 2461 similem

142 2531 145 2536 ’
160 2508 319 2580 alteram
337 2506 438 2602 leges
461 2531 481 2576 a
506 2504 661 2578 Nebelio
679 2505 730 2602 (3)
745 2504 979 2602 descriptam.
1002 2504 1159 2602 Utrique

163 2624 279 2696 nimis
293 2622 496 2694 distentum
513 2620 699 2692 abdomen
718 2645 836 2719 prope
850 2619 1071 2692 umbilicum
1082 2646 1161 2692 cre·

133 2798 138 2806 .
159 2755 309 2838 ,puerat
327 2743 442 2811 Porro
462 2753 587 2810 extant
610 2738 687 2808 alite
708 2764 775 2836 per
799 2740 921 2836 ipsum
941 2738 1161 2810 umbilicum

165 2870 300 2954 sponte
329 2857 608 2952 erumpentium
635 2879 841 2951 aquarum,
872 2852 936 2926 sed
962 2851 1037 2926 lere
1067 2878 1162 2925 nun-

165 2996 280 3068 quam
298 2959 407 3042 simul
427 2973 596 3042 omnium
622 2968 745 3041 felices
767 2968 1065 3055 observationes,
1084 2994 1161 3040 non

147 3085 216 3158 ab
246 3086 316 3170 illis
343 3085 456 3160 modo
488 3089 589 3184 quos
615 3110 727 3183 supra
761 3084 941 3174 diximus,
969 3085 1032 3157 sed
1059 3100 1095 3156 et
1115 3085 1161 3156 ab

166 3203 248 3274 aliis
259 3203 313 3300 (A)
327 3203 531 3301 productae.
550 3207 628 3276 Nec'
646 3218 773 3274 tamen
788 3202 942 3291 medici,
962 3204 1163 3275 utascitem

165 3319 379 3409 solverent„
396 3322 541 3418 aperire
561 3320 781 3391 umbilicum
794 3335 1060 3417 perrexerunt,
1081 3344 1165 3392 con·

228 3934 258 4009 4)
279 3936 345 3992 Act.
357 3936 396 3992 N.
409 3936 446 4001 s.
455 3946 526 3991 tom·
536 3935 572 4006 8,
584 3935 649 3992 obs.
664 3954 711 4009 79.
