2580 4514
199 372 268 417 ΗΒ.
292 364 349 417 m·
379 369 427 415 m!
451 366 588 414 nonms
606 365 772 430 VENTRIS,
798 368 909 415 EPIST.
931 370 1057 416 XXXIII.
1087 347 1158 445 239

150 486 187 553 In
212 483 281 554 illo
308 478 464 580 quidem
486 480 545 551 ad
565 480 765 579 spitkamoe
788 480 1056 578 longitudinem
1075 481 1155 557 fuit.

148 603 234 671 Non
252 614 401 670 rectum
414 614 537 670 autem
552 597 749 686 duntaxat,
767 623 899 669 verum
918 601 1028 671 etiam
1043 603 1156 674 colon

142 719 273 815 ipsum
293 715 517 815 procidere,
539 741 617 787 non
647 714 832 787 dubitavit
852 716 1068 792 Salmuthus
1086 722 1155 819 (1),

143 860 234 906 cnm
254 834 432 906 lactentis
446 833 567 932 puelli
583 833 837 905 observationi
858 833 911 930 (2)
936 838 1002 933 qui
1019 841 1056 908 in
1076 865 1155 936 gra-

141 951 317 1023 vioribus
336 950 522 1049 epilepsim
536 951 769 1049 paroxysmis
790 953 966 1024 intestina
982 956 1155 1030 extrude-

142 1071 209 1143 bot
234 1076 328 1141 sam
352 1092 491 1166 magna
521 1067 769 1165 longitudine,
798 1068 901 1141 hunc
928 1072 1076 1142 titulum
1101 1072 1155 1146 fe-

138 1186 487 1286 ceritprocidentr'o
499 1191 665 1256 intestini
674 1185 750 1257 coli
762 1212 811 1256 ex
827 1187 1017 1286 epilepsia.
1031 1195 1153 1288 Atque

140 1308 290 1377 utinam
299 1304 719 1404 persecuIssetpuellam
730 1303 795 1401 (3),
807 1329 927 1377 annos
936 1321 1063 1377 natam
1081 1309 1151 1378 cir·

139 1425 239 1497 citer
256 1421 568 1521 quatuordecim,
586 1421 648 1492 cui
671 1446 716 1493 ex
740 1422 914 1520 neglecto
930 1427 1074 1495 acriore
1096 1440 1152 1496 te-

140 1562 278 1614 nesmo
316 1556 437 1612 totum
475 1539 630 1611 tandem
662 1543 875 1611 intestinum
898 1557 1038 1614 rectam
1070 1568 1157 1614 cum*

133 1672 253 1759 parto
276 1658 354 1731 coli
381 1657 437 1729 ad
458 1655 728 1754 longitudinem
753 1658 1031 1754 spithamarnm
1055 1660 1151 1733 dua-

139 1792 225 1849 rum
234 1822 246 1864 ,
266 1791 305 1847 et
321 1775 574 1874 amplinsfnit
586 1791 816 1873 protrusum.
833 1780 927 1847 Cum
945 1780 1046 1847 enim
1064 1781 1151 1850 satis

138 1895 291 1981 'restitui
306 1894 346 1964 in
364 1911 468 1966 suam
482 1893 608 1966 sedem
629 1918 707 1964 non
724 1908 867 1991 posset,
885 1919 1081 1993 gangraena
1093 1922 1152 1967 au-

138 2026 218 2087 tem
233 2015 327 2085 recti
344 2026 555 2086 extremum
563 2013 642 2108 jam
660 2027 900 2110 occupasset,
917 2029 1066 2085 mortua
1083 2030 1150 2104 est,

139 2134 226 2231 Ipso
245 2130 425 2220 mirante,
446 2130 642 2228 quomodo
662 2144 765 2201 tanta
785 2131 1049 2201 intestinorum
1067 2156 1152 2229 por-

139 2250 195 2321 tin
210 2246 387 2320 excidere
403 2273 423 2318 e
442 2248 669 2319 mesenterio
685 2249 879 2345 potuisset.
899 2247 1011 2337 Quod
1028 2250 1057 2319 si
1067 2248 1153 2346 ,plu-

138 2390 181 2438 ra
197 2381 238 2437 et
260 2365 362 2437 varia
379 2365 560 2436 cadevera
578 2364 778 2464 diligenter
794 2367 981 2464 persecari
998 2366 1151 2437 tandem

137 2485 335 2582 potuerint
354 2485 430 2556 sive
450 2502 584 2555 corum
609 2483 674 2580 qui
698 2507 742 2554 ex
764 2483 945 2580 prolapsu
964 2499 1055 2555 tunc
1072 2486 1151 2582 pri·

138 2622 248 2672 mum
276 2615 340 2673 aut
362 2626 442 2672 non
469 2599 585 2674 semel
611 2615 720 2672 antea
743 2602 888 2699 perlato
917 2603 1149 2690 interierint,

134 2720 218 2791 eive
241 2744 376 2791 eorum
397 2720 463 2818 qui
485 2744 571 2792 cum
593 2718 715 2791 eidem
734 2733 771 2790 et
796 2719 842 2788 ad
867 2743 1040 2816 magnam
1066 2721 1151 2816 qui·

135 2835 227 2909 dem
251 2837 527 2935 longitudinem
560 2837 619 2935 (d)
641 2839 778 2910 sensim
807 2837 969 2908 adaucto
995 2836 1152 2907 obnoxii

136 2969 289 3044 essent,
308 2955 446 3053 aliique
461 2955 536 3027 alio
553 2954 641 3027 inde
658 2955 897 3028 incommodi
919 2971 956 3026 et
974 2955 1150 3027 molestiae

137 3071 259 3145 modo
271 3064 422 3161 affecti,'
432 3098 477 3144 cx
490 3094 735 3171 quocumque
750 3072 885 3144 morbo
906 3073 1150 3163 decesserint;

134 3204 219 3265 non
232 3190 393 3263 dubium
414 3205 470 3263 est
487 3192 581 3289 quin
600 3191 805 3289 proclivius
831 3188 1002 3262 futurum
1035 3194 1080 3264 sit
1103 3192 1148 3264 do

173 3554 223 3634 (1)
243 3554 318 3613 011³.¹
331 3554 438 3613 medic.
455 3564 531 3613 cent.
546 3558 570 3612 l.

174 3671 223 3748 (α)
247 3671 296 3727 31.
409 3640 411 3645 ’

174 3787 223 3865 (3)
244 3788 317 3844 obs.
334 3788 382 3845 30.

173 3903 220 3980 ξι.)
241 3903 311 3959 vm.
327 3901 486 3978 reprom,
507 3924 537 3959 n.
557 3905 584 3959 6.
