2580 4514
179 365 245 438 162
341 389 389 435 na
413 386 559 435 sumnus
585 387 629 434 ar
654 386 778 437 cansls
804 390 1015 442 monacnum

173 502 190 598 (
199 507 332 574 mirum
349 508 450 588 visa,
471 501 605 572 auditu
618 516 654 571 et
671 503 839 599 credita)
857 506 1059 595 abrasam;
1078 507 1173 605 quod

176 636 301 692 tutem
323 619 508 716 reliquum
524 634 606 688 erat
622 635 659 688 et
670 622 904 718 apparebat,
918 648 1118 696 carnosum
1124 633 1167 697 vi·

178 737 359 823 debatur,
376 738 520 833 inquit,
549 737 685 807 abore
707 740 907 809 ventriculi
932 741 988 811 ad
1005 742 1167 840 podicem

178 879 316 950 usque,
337 869 380 924 ut
404 853 546 924 diceres
565 877 642 923 essa
670 853 958 945 velatis‘asct'am
983 856 1103 929 latam
1126 876 1167 929 to·

176 985 253 1041 tam
272 995 487 1057 ramosam,
506 969 753 1041 ventriculum
774 976 860 1042 item
880 988 1065 1071 tanquam
1082 982 1166 1048 vesi·

173 1113 256 1161 cam
273 1087 477 1186 quamdam
496 1103 615 1157 totam
635 1113 842 1160 carcosam.
867 1090 940 1162 Sed
958 1092 1006 1164 de
1022 1091 1096 1165 hac
1111 1093 1164 1165 ob

172 1207 405 1292 servatione,
430 1207 578 1301 inqua,
596 1219 637 1275 ut
663 1230 705 1276 ea
728 1231 810 1302 quae
834 1232 922 1278 mox
944 1208 1097 1306 subjicit
1116 1235 1165 1282 os·

170 1323 353 1408 tendunt,
386 1347 606 1408 carucarum
634 1321 815 1395 fibrarum
841 1324 1164 1400 inflammationem

169 1455 302 1514 auctor
321 1443 400 1539 ipse
415 1438 664 1539 agnoscebat,
686 1438 783 1511 infra
798 1444 1023 1541 quoque(1)
1037 1448 1164 1519 mentio

169 1555 244 1630 fiet.

222 1701 279 1747 αι.
295 1675 405 1745 Nunc
420 1675 574 1771 quando
595 1675 681 1746 satis
702 1700 892 1774 superque
910 1693 1105 1751 ostensum
1122 1693 1164 1752 est

172 1816 287 1890 quaea
303 1792 545 1888 dysentericis
565 1793 769 1888 ejiciuntur
786 1793 1017 1867 membrano.²
1041 1794 1163 1882 forma,
1196 1880 1198 1885 ¹

171 1934 266 2009 saepe
284 1907 410 1997 falsas,
423 1932 700 2005 nonnunquam
711 1933 817 1982 veras
830 1934 908 1982 esse
924 1914 1161 2001 membranas,

169 2052 239 2100 nec
274 2028 346 2099 nisi
381 2048 468 2098 cum
494 2050 590 2097 verae
620 2026 978 2124 deprehenduntur,
1001 2033 1160 2105 intestina
1196 2044 1198 2049 '

169 2145 378 2217 exulcerata
393 2141 623 2243 significare;
645 2143 775 2216 cadem
792 2149 1044 2242 proportione
1058 2164 1161 2222 osten

168 2262 338 2334 dendum
355 2277 451 2334 essct
469 2261 516 2332 de
535 2262 580 2333 iis
599 2262 740 2359 pariter
754 2286 834 2359 quae
847 2262 894 2333 ad
909 2269 1076 2361 speciem
1092 2283 1160 2339 cat·

167 2404 260 2452 nosa
271 2393 493 2478 egeruntur,
509 2380 580 2450 nisi
589 2380 665 2474 jam
683 2380 859 2477 supra(a)
871 2382 959 2459 satis
973 2380 1160 2456 essetindi

168 2513 312 2584 catum,
342 2496 537 2595 quomodo
572 2495 702 2594 polypi
735 2496 813 2567 haec
847 2518 1003 2596 quoque
1036 2499 1159 2574 reseris

165 2614 312 2713 possint
331 2613 471 2710 absque
490 2613 567 2684 ulla
589 2613 854 2685 intestinorum
880 2616 1157 2691 exulceratione.
1196 2674 1198 2687 .

165 2734 296 2805 Unum
314 2732 428 2829 igitur
448 2729 821 2803 commonstrandum
841 2731 1084 2829 relinquitur,
1093 2754 1157 2807 non
1196 2792 1198 2819 ,

125 2906 147 2943 s
165 2870 314 2948 semper
326 2874 371 2919 ex
391 2845 479 2919 falsa
500 2872 612 2918 carne
638 2872 681 2918 ca
701 2872 863 2945 corpora
890 2852 1052 2925 omnino
1071 2874 1157 2927 com·
1196 2926 1198 2957 Ι

163 2967 291 3064 pingi,
308 2990 474 3062 cumque
491 2964 530 3035 id
547 2989 592 3035 ex
615 2989 747 3037 eorum
768 2964 954 3038 constabit
977 2970 1154 3056 examine,
1195 2964 1198 3073 1

163 3082 272 3155 ulcus
297 3081 450 3179 aliquod
468 3082 736 3153 intestinorum
767 3106 847 3154 esse
873 3084 1153 3180 ponendum,si

164 3196 280 3270 modo
298 3199 338 3268 in
353 3197 565 3270 ventriculo
578 3198 759 3270 indicium
779 3200 918 3273 ulceris
936 3202 1085 3275 nullum
1099 3202 1149 3274 sit:

160 3314 269 3413 quod
287 3312 337 3386 ob
352 3337 528 3386 verrucas
544 3315 646 3403 illas,
664 3330 706 3387 ut
723 3315 864 3387 Arabes
882 3317 1085 3408 vocabant,
1099 3340 1148 3390 cr·

153 3433 283 3531 cipio,
300 3430 347 3504 de
365 3431 505 3529 quibus
519 3433 676 3530 epistola
689 3439 872 3533 scriptum
893 3450 950 3507 est
967 3441 1084 3509 XXIX
1095 3434 1143 3534 (3)

776 3608 1141 3634 ...κῃ-...μιαί

101 3744 106 3754 ’
198 3734 243 3814 (ι)
264 3735 303 3792 Ν.
319 3734 366 3792 26.

164 3840 168 3850 '
198 3834 243 3912 (a)
263 3836 301 3891 N.
317 3853 350 3906 17
367 3843 397 3889 et
415 3834 461 3890 18.

198 3933 244 4017 (3)
264 3935 303 3992 N.
324 3932 360 3990 16
374 3943 403 3989 et
420 3951 466 4004 17·
