2580 4514
141 118 212 207 234
307 140 355 189 na
380 142 526 189 sumnus
550 144 595 189 nr
619 142 744 192 causis
769 142 981 191 uounonuar

138 256 209 328 tini
232 254 470 354 prolapsum
491 257 564 327 alvi
582 256 850 329 exoneratione
877 256 1128 353 conjunctum,

136 372 293 470 jubebat
320 399 430 447 mane
450 372 530 447 bibi
557 375 604 445 ad
631 372 806 445 selibram
827 375 890 470 jus
919 374 1044 447 carnis
1065 398 1125 445 non

140 493 308 579 salitum,
320 493 359 562 in
374 517 452 590 quo
463 491 676 564 bulliissent
689 493 777 563 satis
791 492 917 562 multoe
930 492 1040 564 violae
1053 517 1125 563 mar·

138 612 217 697 tiae,
237 625 275 681 et
287 625 489 708 postquam
504 609 560 680 hac
576 637 654 681 non
674 611 746 681 nisi
764 612 909 681 siccata
922 609 1055 683 haberi
1067 633 1125 709 pos·

138 743 242 808 sent,
275 753 402 799 earum
434 727 518 798 loco
547 744 612 798 aut
642 727 839 816 cichorea,
868 743 934 799 aut
962 726 1124 827 borrago,

137 860 202 915 aut
222 843 421 944 buglossa,
446 861 511 916 aut
545 845 729 935 sonchus‚
757 863 822 917 aut
842 871 994 944 prunus
1020 868 1126 917 recent

137 964 324 1051 siccusve,
349 964 552 1062 appianum
580 964 720 1035 malum
740 980 804 1035 aut
822 964 1013 1061 ejusmodi
1035 960 1126 1043 aliud.

137 1083 215 1153 Seri
242 1107 353 1153 usum
385 1082 674 1154 commendabat
705 1081 878 1181 depurati
911 1082 1130 1179 edulcatique
1177 1166 1179 1171 Ι

126 1199 282 1299 julapio
316 1202 392 1270 sive
423 1226 467 1272 ex
499 1206 662 1273 tinctura
696 1201 878 1271 violarum
908 1201 1133 1281 martiarum,

137 1319 214 1390 sive
235 1344 280 1389 ex
305 1319 478 1415 appianis
496 1320 613 1392 malis.
647 1323 760 1390 Usum
781 1343 936 1414 quoque
954 1318 1061 1389 lactis
1078 1317 1136 1389 asi·

136 1436 217 1506 nini
242 1451 306 1506 aut
335 1437 481 1534 caprini
509 1437 695 1508 laudabat.
716 1442 759 1507 Iu
784 1437 945 1534 prandio
965 1456 1138 1533 coenaque

135 1555 237 1625 inter
256 1553 349 1625 alios
369 1553 475 1625 cibos
492 1556 636 1652 pultem
656 1579 827 1651 semper,
848 1553 913 1625 sed
942 1554 1044 1625 hanc
1063 1556 1139 1627 sirn-

137 1671 275 1770 plicem
297 1688 334 1743 et
360 1673 446 1768 jure
467 1672 674 1770 plurimum
704 1671 984 1759 abundantem,
1011 1675 1139 1769 inqut

137 1814 250 1887 poma
277 1789 508 1879 bulliissent‚
536 1807 601 1862 aut
628 1790 756 1863 herba
776 1791 907 1889 aliquae
929 1815 977 1861 ex
1004 1791 1049 1863 iis
1067 1813 1139 1888 quat

137 1909 378 2007 supradicta
400 1925 506 1999 sunt,
526 1910 719 1981 interdum
741 1907 876 1980 hordei
899 1933 1058 2006 quoque
1083 1918 1138 1981 aut

138 2031 245 2099 orizae
260 2027 414 2124 aliquid.
430 2033 571 2100 Carnes
584 2027 698 2099 elixas
708 2028 841 2126 saepius
858 2025 1024 2103 malebat
1035 2049 1133 2125 quan

137 2170 246 2218 assas.
286 2149 516 2245 omissisque
553 2147 786 2218 aromatibus
816 2160 853 2217 et
886 2170 1016 2235 meru,
1037 2168 1134 2244 pran-

137 2264 242 2334 dium
260 2289 484 2364 coenamque
504 2290 655 2364 semper
674 2264 799 2337 claudi
825 2279 936 2335 cocto
955 2288 1075 2362 pomo
1088 2258 1135 2331 vel

137 2407 250 2479 pyro,
271 2409 404 2482 aquam
423 2383 708 2482 superhihcndo
727 2384 775 2455 ad
793 2383 924 2455 uncias
940 2398 1040 2469 tres,
1048 2380 1136 2481 julu-

129 2507 202 2599 pio
223 2528 266 2573 ex
281 2507 421 2574 cortice
436 2505 544 2576 citrei
564 2501 652 2573 mali
665 2502 889 2574 edulcatam.
912 2500 971 2575 Ab
988 2502 1051 2577 his
1064 2522 1134 2599 que

138 2644 182 2690 cx
197 2619 304 2691 Redii
321 2622 480 2693 consilio
498 2622 633 2710 retuli,
651 2645 730 2692 non
751 2620 912 2693 multum
931 2619 1138 2693 recederem

136 2738 177 2809 in
198 2738 280 2811 hoc'
292 2765 400 2828 casu,
420 2756 484 2812 aut
499 2755 646 2811 tantum
667 2739 848 2811 duntaxat
860 2754 1051 2836 quantum
1066 2735 1140 2811 satis

137 2872 322 2947 esset‚,ne
348 2859 452 2931 alvus
476 2861 588 2931 nimis
604 2857 701 2930 forte
730 2857 877 2930 lubrica
896 2854 1019 2929 fieret.
1040 2850 1140 2948 Quod

137 2977 168 3047 si
183 2977 351 3049 Rediana
366 2979 436 3049 ista
452 2977 606 3049 vivendi
634 2978 730 3048 ratio
752 3001 833 3047 non
851 2971 1064 3061 sufficeret,
1079 2968 1142 3047 sof-

137 3092 251 3167 ficere
270 3111 396 3167 autem
415 3094 598 3167 diuturno
620 3119 690 3166 usu
714 3093 891 3182 deberet,
919 3095 1007 3167 alvo
1027 3093 1143 3167 hacte-

136 3238 210 3287 nus
236 3212 343 3284 molli
371 3211 658 3303 reddendae‚ut
683 3213 732 3284 ad
758 3237 842 3283 eam
867 3210 1142 3284 exonerandam

137 3355 264 3428 neque
280 3330 433 3403 nixibus
449 3356 546 3431 opus
561 3348 681 3421 esset,
700 3356 772 3403 nec
784 3332 899 3430 longa
915 3356 1047 3421 mora3
1064 3345 1143 3403 tunc

136 3473 228 3521 vero
243 3474 292 3520 ne
307 3450 346 3520 in
364 3474 410 3522 eo
428 3451 582 3548 quidem
595 3450 757 3523 Redium
770 3451 910 3522 imitari
922 3448 1145 3549 displiceret,

135 3581 180 3639 ut
199 3565 391 3640 interdurn
413 3568 536 3667 pulpae
555 3570 678 3641 cassiae
711 3566 910 3663 drachmas
939 3566 1074 3647 darem
1100 3561 1147 3639 bi·

137 3710 226 3773 nas,
243 3708 354 3756 mane
366 3701 454 3760 ante
469 3687 532 3782 jus
549 3686 596 3759 de
618 3712 697 3785 quo
716 3686 815 3777 dixi,
847 3664 1075 3779 sumendas,
1098 3697 1146 3755 to·
