2580 4514
157 373 223 419 nm.
252 373 308 418 111.
334 373 382 418 nr
409 371 542 418 uoams
562 373 730 435 vaurms,
756 373 866 420 ntusr.
886 376 1006 420 xxxvl.
1035 353 1106 449 369

119 510 198 590 puS,
209 501 245 557 et
257 464 480 583 sauguinem
491 483 719 557 transferunt
730 484 964 575 advesicam3
979 492 1108 561 mirari

123 602 209 677 subit
234 604 470 675 doctissimos
493 618 617 673 tamen
652 605 751 674 viros
777 605 966 675 interdum
989 614 1108 705 usque

129 718 205 792 adeo
220 719 340 792 videri
361 719 499 792 oblitos
513 722 673 816 patentis
693 721 792 791 illius
812 747 855 791 ex
875 721 1007 818 hepate
1019 725 1108 813 viae,
1195 767 1198 773 -

132 849 167 904 ut
178 837 230 911 alii
246 862 315 934 per
335 861 449 908 venas
465 837 746 924 mesenterieas,
766 834 871 934 quasi
892 838 947 907 hae
965 864 1041 908 non
1060 840 1108 910 ab

136 950 297 1024 intestinis
308 953 354 1024 ad
367 955 500 1048 jecur,
519 952 584 1024 sed
599 953 645 1025 ab
658 955 783 1049 jecore
799 952 845 1023 ad
858 955 1030 1025 intestina
1044 955 1110 1025 hu-

138 1089 235 1161 mores
250 1068 526 1159 conveherent,
536 1070 762 1168 purulentas
779 1069 992 1140 dt'arrhoeas
1007 1096 1108 1168 saepe

134 1183 201 1274 fieri
207 1240 214 1273 ,
228 1203 341 1284 atque
351 1194 470 1286 pisum
479 1204 695 1285 corruptum
704 1188 931 1284 heparegeri
937 1188 1108 1276 doceant;

139 1295 184 1369 alii
196 1321 312 1375 autem
329 1304 534 1402 intelligere
552 1328 589 1375 se
608 1328 717 1401 posse
739 1319 896 1400 negent,
913 1305 1108 1401 quomodo

139 1410 224 1491 illeso
239 1421 451 1493 ventriculo
471 1422 690 1518 sanguinem
709 1445 878 1510 vomere,
896 1436 932 1492 et
949 1421 1123 1517 dejicere]

140 1540 294 1622 potuisset
321 1540 416 1610 isin
442 1539 550 1633 cujus
577 1539 729 1634 singulis
760 1538 870 1634 longe
896 1538 1111 1637 amplificati

136 1640 285 1736 jecinoris
299 1654 397 1729 lobis
411 1656 554 1754 singula
567 1679 702 1752 magna
715 1669 942 1752 apostemata
956 1657 1110 1728 inventa

136 1755 223 1841 luisse
239 1797 318 1842 non
336 1774 522 1871 ignorent.
539 1777 679 1842 Verum
695 1771 742 1841 ad
762 1797 822 1846 eas
840 1797 932 1869 quas
946 1773 1109 1843 necdum

135 1882 320 1978 edidimus,
350 1890 525 1981 Valsalvae
560 1889 839 1970 observationes
874 1889 1072 1961 redeuntes
1100 1946 1109 1979 ,

130 1999 275 2094 duabuS,
296 2032 389 2104 quas
402 2030 512 2103 supra
527 2005 811 2104 descripsimus,
831 2007 877 2077 ad
896 2006 1012 2104 hepar
1030 2009 1109 2078 atti-

124 2124 311 2211 nentibus,
340 2124 498 2196 totidem
527 2123 573 2193 ad
599 2124 735 2195 lienem
766 2140 973 2222 spectantes
1002 2123 1111 2195 adda-

119 2266 204 2314 mus.

157 2384 201 2430 11.
220 2361 373 2432 Juvenis
389 2383 576 2430 annorum
598 2359 745 2430 circiter
756 2360 909 2458 viginti,
928 2359 1052 2457 quod,
1066 2384 1111 2429 ex

119 2479 233 2548 nativa
254 2478 425 2576 corporis
458 2476 694 2563 salubritate,
717 2474 1009 2547 valetudinarius
1033 2478 1111 2571 jam

119 2596 218 2692 {nasi
234 2594 422 2665 abiennio
439 2592 521 2664 fieri
537 2594 726 2692 coepisset,
753 2616 899 2663 causam
921 2591 1111 2686 rejiciebat

119 2737 197 2793 :um
213 2713 254 2782 in
270 2714 528 2799 venationem,
545 2711 777 2782 saltationem
796 2708 941 2803 aliaque
956 2709 1113 2810 ejusmo-

119 2828 315 2926 liquibus
345 2828 553 2900 indulserat
585 2828 812 2926 plurimum,
841 2840 920 2896 tum
956 2827 994 2893 iu
1024 2849 1112 2921 pro-

119 2946 237 3044 arium
253 2944 452 3016 artificium
465 2973 474 3033 3
489 2945 609 3016 linum
632 2948 732 3014 enim
749 2940 989 3013 carminabat.
1005 2940 1112 3010 Palli-
1193 3025 1196 3030 Ι

119 3063 181 3136 lus
205 3078 331 3134 autem
356 3061 474 3134 factus
499 3078 598 3150 erat,
616 3078 672 3149 et,
690 3059 1112 3158 hypochondriacorum

119 3159 233 3268 nore,
252 3179 299 3250 de
311 3180 454 3251 levibus
476 3180 618 3250 ventris
644 3178 883 3273 thoracisque
908 3175 1112 3247 affectioni-

119 3299 183 3369 bus
211 3296 418 3367 identidem
446 3296 686 3395 querebatur.
711 3296 875 3365 Tandem
900 3310 1021 3365 aestate
1047 3313 1112 3380 art-

119 3416 151 3486 ai
165 3413 274 3501 1688,
285 3438 442 3511 magnus
462 3416 655 3510 durusque
670 3414 709 3481 in
727 3415 877 3484 sinistro
892 3410 1113 3507 hypochon-

119 3529 196 3603 lrio
225 3555 264 3602 se
286 3555 325 3601 se
342 3532 508 3629 prodidit
527 3548 671 3618 tumor,
697 3555 782 3601 cum
802 3528 980 3628 ponderis
1004 3553 1113 3598 sensu

119 3644 335 3743 lifficilique
359 3649 457 3721 inter
475 3648 745 3720 ambulandum
770 3647 1026 3742 respiratione.
1051 3647 1114 3714 His

119 3779 271 3862 repente
296 3767 449 3837 accessit
474 3767 599 3864 largus
630 3766 820 3862 sanguinis
843 3764 1006 3832 vomitus
1027 3786 1127 3834 cum,

119 3905 250 3978 nagna
272 3881 412 3952 virium
434 3885 788 3979 jactura,tum0ris
816 3883 1050 3952 incremento
1078 3892 1114 3946 et

187 4001 224 4084 t·
924 4001 969 4081 24
