2580 4514
118 374 187 421 nm.
208 374 332 422 urens
351 358 795 440 nonmsvuurms,sr1sr.
818 373 970 439 xxxmn.
990 351 1069 450 ‘657
1143 404 1145 408 ι

75 487 152 586 cipi
163 487 329 586 potuisse
337 487 386 559 ad
397 489 586 560 sinistrum
600 486 767 558 umbilici
778 489 893 574 latus,
908 492 1076 587 inaequa-
1152 586 1157 591 ·

75 604 172 693 lem,
190 628 308 701 eaque
325 605 605 702 magnitudine,
632 621 674 675 ut
690 605 901 701 impositam
922 602 1075 679 manum

78 719 194 793 ferme
212 737 383 818 aequaret.
399 727 491 794 Cum
514 720 576 791 alii
590 721 649 792 vel
669 720 719 811 ob
739 721 776 791 id
794 724 978 794 asciticam
998 750 1076 796 cre·

79 838 233 928 decent,
254 839 315 909 alii
339 838 389 909 ob
409 838 617 910 naturalem
638 836 742 909 faciei
768 839 935 909 colorem
953 865 1078 913 assen-

66 979 163 1027 sum
184 957 430 1043 sustinerent,
450 969 677 1026 mortuaest.
695 954 1078 1029 Abdominismuscu·

79 1071 124 1143 lis
141 1073 361 1144 transversis
374 1072 520 1159 incisis,
541 1096 638 1168 aqua
655 1073 779 1170 erupit
799 1073 962 1170 plurima
978 1076 1079 1172 puti-

79 1186 250 1274 dissima,
272 1213 384 1285 quam
402 1215 422 1259 a
441 1189 582 1261 ventris
599 1213 691 1259 cavo
710 1191 954 1286 peritonaeum
977 1215 1079 1288 sepa·

81 1304 197 1399 rabat.
208 1310 258 1375 Ea
271 1302 469 1392 exhausta,
485 1320 614 1375 tumor
624 1305 671 1376 de
684 1331 761 1403 quo
775 1307 911 1378 mulier
923 1307 1079 1395 dixerat,

80 1421 379 1520 inconspectum
394 1423 514 1507 venit,
532 1422 682 1493 innatus
701 1424 924 1520 peritomen,
944 1421 1080 1495 factus-
1143 1453 1156 1468 ’

80 1562 155 1635 que
185 1564 229 1608 ex
255 1540 399 1636 magnis
427 1537 575 1610 duabus
600 1538 766 1610 tribusve
798 1542 906 1637 quasi
928 1543 1079 1629 vesicis,

82 1681 239 1752 quarum
248 1657 420 1754 parietes,
431 1657 544 1727 crassi
558 1671 664 1726 erant
674 1655 779 1745 adeo,
789 1673 830 1728 ut
839 1683 936 1754 aqua
945 1657 1080 1730 educta

83 1798 196 1870 quam
217 1771 483 1880 continebant,
499 1774 654 1844 minime
671 1775 741 1872 ipsi
759 1775 1004 1847 subsederint.

132 1889 188 1961 52.
203 1890 339 1963 Mulier
356 1889 490 1973 altera,
507 1888 707 1962 duodecim
720 1893 866 1964 circiter
878 1909 963 1990 post
980 1895 1082 1992 prio·

81 2032 161 2078 rem
174 2009 299 2096 annis,
311 2006 351 2078 id
365 2023 438 2095 est,
452 2010 553 2077 anno
567 2005 674 2103 1725,
691 2010 731 2077 in
744 2013 1006 2080 nosocomium
1020 2037 1080 2083 ve·

83 2128 154 2212 nit,
163 2125 242 2222 ipsa
253 2149 407 2221 quoque
418 2123 554 2193 morbo
567 2148 645 2193 non
656 2125 797 2212 minus,
809 2127 886 2194 imo
897 2128 1082 2224 velmagis

81 2243 301 2311 inveterato,
330 2238 463 2309 Aiebat
492 2239 623 2327 enim,
652 2238 722 2311 sibi
751 2240 1081 2338 quadragesimum
1165 2319 1167 2325 ,

83 2381 226 2429 annum
245 2356 370 2453 agenti
388 2359 503 2449 (tunc
525 2370 648 2426 autem
670 2354 802 2453 agebat
817 2358 1083 2456 quinquagesi-

83 2481 212 2568 mum)
240 2489 409 2575 tumores
440 2472 623 2570 quosdam
650 2474 689 2542 in
721 2477 914 2572 superiore
941 2476 1083 2549 ventris

85 2607 190 2691 parte
215 2590 390 2678 obortos,
417 2589 651 2687 dispertitos,
680 2614 749 2660 nec
769 2589 917 2678 dolore,
943 2592 973 2662 si
998 2593 1083 2687 quis

85 2723 276 2808 tangeret,
297 2721 465 2778 carentes
479 2733 486 2775 :
508 2704 600 2793 hos,
621 2706 748 2777 multis
758 2721 795 2777 et
808 2709 916 2778 variis
929 2732 1013 2778 cum
1024 2708 1084 2777 in-

85 2832 201 2902 terius
224 2841 306 2901 tum
332 2829 496 2899 exterius
518 2827 705 2898 incassum
732 2826 936 2913 adhibitis,
962 2832 1085 2898 incre·

85 2949 179 3019 visse
206 2961 304 3018 etse
328 2945 435 3042 pejus
459 2968 607 3042 semper
631 2942 814 3014 babuisse.
844 2944 1045 3014 Etiamtum
1070 2999 1083 3033 ,

87 3060 257 3161 q'uamvis
274 3077 395 3133 totum
407 3077 501 3134 esset
511 3060 698 3132 abdomen
714 3061 935 3146 distentum,
950 3060 1087 3134 licebat

87 3183 220 3266 oculis,
240 3205 320 3250 non
341 3179 456 3249 modo
473 3202 588 3249 manu
606 3193 794 3249 tumorem
809 3180 1084 3268 internoscere;

85 3299 126 3371 iu
144 3323 264 3369 uuum
285 3298 405 3384 enim,
421 3295 598 3390 disjuncti
611 3309 739 3384 antea,
759 3310 925 3367 tumores
939 3296 1085 3367 coalue-

88 3431 172 3486 rant
185 3413 427 3512 inaequalem,
446 3413 639 3501 dolorem,
661 3438 746 3483 cum
768 3428 966 3512 tangeres,
995 3411 1085 3484 affe-

86 3546 252 3618 rentem,
265 3530 541 3630 posituminter
558 3528 812 3628 cartilaginem
829 3527 1087 3620 ensilormem,

87 3663 124 3721 et
140 3647 384 3734 umbilicum,
397 3648 449 3719 sic
468 3663 594 3719 tamen
613 3661 655 3717 ut
674 3661 852 3719 neutrum
873 3645 1087 3741 attingeret
1109 3709 1111 3712 a

84 3769 171 3838 Non
186 3765 280 3837 alius
298 3788 411 3863 quam
425 3763 532 3852 alibi,
552 3778 631 3835 erat
649 3762 702 3833 ibi
722 3762 816 3833 cutis
834 3760 939 3831 color
955 3787 963 3850 ς
984 3785 1086 3831 eam·

36 3974 44 3993 .
87 3907 181 3980 quc,
192 3884 223 3954 si
233 3881 356 3980 digitis
364 3883 528 3979 arripere
542 3896 579 3952 et
592 3879 762 3971 attollere
776 3877 908 3956 velles,
922 3903 1001 3951 non
1014 3902 1087 3977 po-

157 4006 191 4086 ll·
594 4081 597 4089 ,
892 3999 937 4081 42
