<?xml version="1.0" encoding="UTF-8"?>
<!DOCTYPE html PUBLIC "-//W3C//DTD XHTML 1.0 Transitional//EN"
    "http://www.w3.org/TR/xhtml1/DTD/xhtml1-transitional.dtd">
<html xmlns="http://www.w3.org/1999/xhtml" xml:lang="en" lang="en">
 <head>
  <title>
</title>
<meta http-equiv="Content-Type" content="text/html;charset=utf-8" />
  <meta name='ocr-system' content='tesseract 3.04.00' />
  <meta name='ocr-capabilities' content='ocr_page ocr_carea ocr_par ocr_line ocrx_word'/>
</head>
<body>
  <div class='ocr_page' id='page_1' title='image "./desedibusetcaus00adelgoog_0667.png"; bbox 0 0 2580 4514; ppageno 0'>
   <div class='ocr_carea' id='block_1_1' title="bbox 163 377 1021 476">
    <p class='ocr_par' dir='ltr' id='par_1_1' title="bbox 163 377 1021 476">
     <span class='ocr_line' id='line_1_1' title="bbox 163 377 1021 476; baseline 0.013 -32"><span class='ocrx_word' id='word_1_1' title='bbox 163 377 236 476; x_wconf 76' lang='grc'><strong>674</strong></span> <span class='ocrx_word' id='word_1_2' title='bbox 329 399 376 445; x_wconf 74' lang='lat' dir='ltr'><strong>nn</strong></span> <span class='ocrx_word' id='word_1_3' title='bbox 401 396 548 444; x_wconf 72' lang='lat' dir='ltr'><strong>sununs</strong></span> <span class='ocrx_word' id='word_1_4' title='bbox 572 398 616 443; x_wconf 74' lang='lat' dir='ltr'><strong>m</strong></span> <span class='ocrx_word' id='word_1_5' title='bbox 641 397 767 446; x_wconf 71' lang='lat' dir='ltr'><strong>causis</strong></span> <span class='ocrx_word' id='word_1_6' title='bbox 793 401 1021 454; x_wconf 73' lang='lat' dir='ltr'><strong>nonnonuu</strong></span> 
     </span>
    </p>
   </div>
   <div class='ocr_carea' id='block_1_2' title="bbox 14 513 1171 3432">
    <p class='ocr_par' dir='ltr' id='par_1_2' title="bbox 14 513 1171 3432">
     <span class='ocr_line' id='line_1_2' title="bbox 162 513 1171 618; baseline 0.011 -33"><span class='ocrx_word' id='word_1_7' title='bbox 162 513 320 610; x_wconf 78' lang='lat' dir='ltr'>telligit)</span> <span class='ocrx_word' id='word_1_8' title='bbox 353 515 482 582; x_wconf 76' lang='lat' dir='ltr'><strong>curari</strong></span> <span class='ocrx_word' id='word_1_9' title='bbox 499 533 623 608; x_wconf 78' lang='lat' dir='ltr'><strong>posse.</strong></span> <span class='ocrx_word' id='word_1_10' title='bbox 649 513 789 584; x_wconf 76' lang='lat' dir='ltr'><strong>Caetera</strong></span> <span class='ocrx_word' id='word_1_11' title='bbox 818 531 959 588; x_wconf 85' lang='lat' dir='ltr'><strong>autem</strong></span> <span class='ocrx_word' id='word_1_12' title='bbox 1000 546 1086 618; x_wconf 74' lang='lat' dir='ltr'><strong>quae-</strong></span> <span class='ocrx_word' id='word_1_13' title='bbox 1105 549 1171 596; x_wconf 87' lang='lat' dir='ltr'><strong>non</strong></span> 
     </span>
     <span class='ocr_line' id='line_1_3' title="bbox 160 628 1170 738; baseline 0.011 -36"><span class='ocrx_word' id='word_1_14' title='bbox 160 631 280 727; x_wconf 83' lang='lat' dir='ltr'><strong>attigit</strong></span> <span class='ocrx_word' id='word_1_15' title='bbox 297 629 422 725; x_wconf 84' lang='lat' dir='ltr'><strong>signa,</strong></span> <span class='ocrx_word' id='word_1_16' title='bbox 447 629 592 699; x_wconf 86' lang='lat' dir='ltr'><strong>ratione</strong></span> <span class='ocrx_word' id='word_1_17' title='bbox 618 629 698 725; x_wconf 85' lang='lat' dir='ltr'><strong>ipsa</strong></span> <span class='ocrx_word' id='word_1_18' title='bbox 718 628 815 703; x_wconf 85' lang='lat' dir='ltr'><strong>duce</strong></span> <span class='ocrx_word' id='word_1_19' title='bbox 844 630 962 706; x_wconf 86' lang='lat' dir='ltr'><strong>facile</strong></span> <span class='ocrx_word' id='word_1_20' title='bbox 984 641 1170 738; x_wconf 84' lang='lat' dir='ltr'><strong>perspicis,</strong></span> 
     </span>
     <span class='ocr_line' id='line_1_4' title="bbox 161 744 1170 857; baseline 0.011 -37"><span class='ocrx_word' id='word_1_21' title='bbox 161 773 202 821; x_wconf 85' lang='lat' dir='ltr'><strong>ea</strong></span> <span class='ocrx_word' id='word_1_22' title='bbox 217 772 374 845; x_wconf 87' lang='lat' dir='ltr'><strong>quoque</strong></span> <span class='ocrx_word' id='word_1_23' title='bbox 387 762 423 818; x_wconf 92' lang='lat' dir='ltr'><strong>et</strong></span> <span class='ocrx_word' id='word_1_24' title='bbox 439 744 572 816; x_wconf 86' lang='lat' dir='ltr'><strong>harum</strong></span> <span class='ocrx_word' id='word_1_25' title='bbox 583 748 748 844; x_wconf 83' lang='lat' dir='ltr'><strong>partium</strong></span> <span class='ocrx_word' id='word_1_26' title='bbox 767 765 805 820; x_wconf 85' lang='lat' dir='ltr'><strong>et</strong></span> <span class='ocrx_word' id='word_1_27' title='bbox 823 755 1036 848; x_wconf 86' lang='lat' dir='ltr'><strong>peritonaei</strong></span> <span class='ocrx_word' id='word_1_28' title='bbox 1051 757 1170 857; x_wconf 72' lang='lat' dir='ltr'><strong>hydro·</strong></span> 
     </span>
     <span class='ocr_line' id='line_1_5' title="bbox 158 866 1171 976; baseline 0.017 -45"><span class='ocrx_word' id='word_1_29' title='bbox 158 867 216 965; x_wconf 84' lang='lat' dir='ltr'><strong>pis</strong></span> <span class='ocrx_word' id='word_1_30' title='bbox 237 890 316 941; x_wconf 86' lang='lat' dir='ltr'><strong>esse</strong></span> <span class='ocrx_word' id='word_1_31' title='bbox 344 888 454 962; x_wconf 89' lang='lat' dir='ltr'><strong>posse</strong></span> <span class='ocrx_word' id='word_1_32' title='bbox 480 867 708 935; x_wconf 88' lang='lat' dir='ltr'><strong>commu-nia.</strong></span> <span class='ocrx_word' id='word_1_33' title='bbox 745 866 963 943; x_wconf 72' lang='lat' dir='ltr'>Videamus</span> <span class='ocrx_word' id='word_1_34' title='bbox 984 875 1101 972; x_wconf 83' lang='lat' dir='ltr'><strong>igitur</strong></span> <span class='ocrx_word' id='word_1_35' title='bbox 1114 877 1171 976; x_wconf 83' lang='lat' dir='ltr'><strong>hy·</strong></span> 
     </span>
     <span class='ocr_line' id='line_1_6' title="bbox 157 981 1167 1092; baseline 0.014 -39"><span class='ocrx_word' id='word_1_36' title='bbox 157 983 288 1081; x_wconf 75' lang='lat' dir='ltr'><strong>dropis</strong></span> <span class='ocrx_word' id='word_1_37' title='bbox 304 981 499 1080; x_wconf 79' lang='lat' dir='ltr'><strong>peritonaei·</strong></span> <span class='ocrx_word' id='word_1_38' title='bbox 524 981 628 1079; x_wconf 82' lang='lat' dir='ltr'><strong>signa</strong></span> <span class='ocrx_word' id='word_1_39' title='bbox 652 982 808 1080; x_wconf 84' lang='lat' dir='ltr'><strong>reliqua.</strong></span> <span class='ocrx_word' id='word_1_40' title='bbox 841 990 944 1059; x_wconf 88' lang='lat' dir='ltr'><strong>Sunt</strong></span> <span class='ocrx_word' id='word_1_41' title='bbox 973 996 1078 1064; x_wconf 90' lang='lat' dir='ltr'><strong>enim</strong></span> <span class='ocrx_word' id='word_1_42' title='bbox 1099 1020 1167 1092; x_wconf 77' lang='lat' dir='ltr'><strong>qua</strong></span> 
     </span>
     <span class='ocr_line' id='line_1_7' title="bbox 157 1099 1166 1198; baseline 0.012 -24"><span class='ocrx_word' id='word_1_43' title='bbox 157 1127 202 1174; x_wconf 83' lang='lat' dir='ltr'><strong>ex</strong></span> <span class='ocrx_word' id='word_1_44' title='bbox 221 1104 391 1198; x_wconf 87' lang='lat' dir='ltr'><strong>inspecto</strong></span> <span class='ocrx_word' id='word_1_45' title='bbox 413 1112 450 1169; x_wconf 90' lang='lat' dir='ltr'><strong>et</strong></span> <span class='ocrx_word' id='word_1_46' title='bbox 469 1113 704 1171; x_wconf 84' lang='lat' dir='ltr'><strong>contrectato</strong></span> <span class='ocrx_word' id='word_1_47' title='bbox 727 1099 944 1179; x_wconf 74' lang='lat' dir='ltr'>abdomine</span> <span class='ocrx_word' id='word_1_48' title='bbox 971 1109 1166 1184; x_wconf 83' lang='lat' dir='ltr'><strong>desumun·</strong></span> 
     </span>
     <span class='ocr_line' id='line_1_8' title="bbox 156 1215 1166 1318; baseline 0.015 -28"><span class='ocrx_word' id='word_1_49' title='bbox 156 1235 226 1293; x_wconf 78' lang='lat' dir='ltr'><strong>tur.</strong></span> <span class='ocrx_word' id='word_1_50' title='bbox 248 1218 480 1296; x_wconf 74' lang='lat' dir='ltr'><strong>Facillimum</strong></span> <span class='ocrx_word' id='word_1_51' title='bbox 493 1239 581 1288; x_wconf 78' lang='lat' dir='ltr'><strong>sana</strong></span> <span class='ocrx_word' id='word_1_52' title='bbox 601 1215 695 1287; x_wconf 89' lang='lat' dir='ltr'><strong>illud</strong></span> <span class='ocrx_word' id='word_1_53' title='bbox 708 1233 804 1310; x_wconf 75' lang='lat' dir='ltr'><strong>esset</strong></span> <span class='ocrx_word' id='word_1_54' title='bbox 819 1224 933 1318; x_wconf 89' lang='lat' dir='ltr'><strong>quod</strong></span> <span class='ocrx_word' id='word_1_55' title='bbox 954 1233 1112 1303; x_wconf 84' lang='lat' dir='ltr'><strong>memini</strong></span> <span class='ocrx_word' id='word_1_56' title='bbox 1124 1231 1166 1304; x_wconf 55' lang='lat' dir='ltr'><strong>le‘</strong></span> 
     </span>
     <span class='ocr_line' id='line_1_9' title="bbox 155 1331 1163 1438; baseline 0.013 -32"><span class='ocrx_word' id='word_1_57' title='bbox 155 1360 242 1433; x_wconf 80' lang='lat' dir='ltr'><strong>gere</strong></span> <span class='ocrx_word' id='word_1_58' title='bbox 259 1359 279 1404; x_wconf 88' lang='lat' dir='ltr'><strong>a</strong></span> <span class='ocrx_word' id='word_1_59' title='bbox 302 1333 510 1405; x_wconf 83' lang='lat' dir='ltr'><strong>clarissimo</strong></span> <span class='ocrx_word' id='word_1_60' title='bbox 531 1331 696 1429; x_wconf 79' lang='lat' dir='ltr'><strong>quodam</strong></span> <span class='ocrx_word' id='word_1_61' title='bbox 716 1334 801 1404; x_wconf 85' lang='lat' dir='ltr'><strong>viro</strong></span> <span class='ocrx_word' id='word_1_62' title='bbox 818 1334 1099 1438; x_wconf 74' lang='lat' dir='ltr'><strong>propositum,</strong></span> <span class='ocrx_word' id='word_1_63' title='bbox 1120 1348 1163 1416; x_wconf 83' lang='lat' dir='ltr'><strong>vi·</strong></span> 
     </span>
     <span class='ocr_line' id='line_1_10' title="bbox 153 1436 1163 1560; baseline 0.014 -37"><span class='ocrx_word' id='word_1_64' title='bbox 153 1451 288 1523; x_wconf 80' lang='lat' dir='ltr'><strong>delicet</strong></span> <span class='ocrx_word' id='word_1_65' title='bbox 315 1450 452 1521; x_wconf 91' lang='lat' dir='ltr'><strong>hocin</strong></span> <span class='ocrx_word' id='word_1_66' title='bbox 478 1436 651 1545; x_wconf 68' lang='lat' dir='ltr'><strong>hydrope</strong></span> <span class='ocrx_word' id='word_1_67' title='bbox 679 1452 881 1525; x_wconf 83' lang='lat' dir='ltr'><strong>minimam</strong></span> <span class='ocrx_word' id='word_1_68' title='bbox 915 1483 1077 1560; x_wconf 86' lang='lat' dir='ltr'><strong>semper</strong></span> <span class='ocrx_word' id='word_1_69' title='bbox 1094 1487 1163 1539; x_wconf 74' lang='lat' dir='ltr'><strong>esse</strong></span> 
     </span>
     <span class='ocr_line' id='line_1_11' title="bbox 152 1565 1161 1670; baseline 0.012 -31"><span class='ocrx_word' id='word_1_70' title='bbox 152 1566 367 1640; x_wconf 83' lang='lat' dir='ltr'><strong>abdominis</strong></span> <span class='ocrx_word' id='word_1_71' title='bbox 398 1568 540 1636; x_wconf 82' lang='lat' dir='ltr'><strong>circum</strong></span> <span class='ocrx_word' id='word_1_72' title='bbox 578 1565 802 1639; x_wconf 86' lang='lat' dir='ltr'><strong>umbilicum</strong></span> <span class='ocrx_word' id='word_1_73' title='bbox 844 1579 1161 1670; x_wconf 83' lang='lat' dir='ltr'><strong>prominentiam,</strong></span> 
     </span>
     <span class='ocr_line' id='line_1_12' title="bbox 151 1684 1160 1782; baseline 0.013 -27"><span class='ocrx_word' id='word_1_74' title='bbox 151 1687 239 1782; x_wconf 83' lang='lat' dir='ltr'><strong>quia</strong></span> <span class='ocrx_word' id='word_1_75' title='bbox 252 1684 305 1754; x_wconf 90' lang='lat' dir='ltr'><strong>ibi</strong></span> <span class='ocrx_word' id='word_1_76' title='bbox 323 1685 566 1781; x_wconf 72' lang='lat' dir='ltr'><strong>penitonanum</strong></span> <span class='ocrx_word' id='word_1_77' title='bbox 594 1707 673 1752; x_wconf 89' lang='lat' dir='ltr'><strong>non</strong></span> <span class='ocrx_word' id='word_1_78' title='bbox 701 1699 828 1781; x_wconf 79' lang='lat' dir='ltr'><strong>potest</strong></span> <span class='ocrx_word' id='word_1_79' title='bbox 853 1714 876 1760; x_wconf 86' lang='lat' dir='ltr'><strong>a</strong></span> <span class='ocrx_word' id='word_1_80' title='bbox 903 1697 1160 1768; x_wconf 80' lang='lat' dir='ltr'><strong>musculorum</strong></span> 
     </span>
     <span class='ocr_line' id='line_1_13' title="bbox 150 1801 1159 1898; baseline 0.014 -24"><span class='ocrx_word' id='word_1_81' title='bbox 150 1801 370 1874; x_wconf 85' lang='lat' dir='ltr'><strong>tendinibus</strong></span> <span class='ocrx_word' id='word_1_82' title='bbox 386 1801 560 1898; x_wconf 83' lang='lat' dir='ltr'><strong>separari.</strong></span> <span class='ocrx_word' id='word_1_83' title='bbox 579 1805 718 1872; x_wconf 77' lang='lat' dir='ltr'><strong>Verum</strong></span> <span class='ocrx_word' id='word_1_84' title='bbox 739 1827 777 1874; x_wconf 91' lang='lat' dir='ltr'><strong>se</strong></span> <span class='ocrx_word' id='word_1_85' title='bbox 798 1829 861 1878; x_wconf 85' lang='lat' dir='ltr'><strong>res</strong></span> <span class='ocrx_word' id='word_1_86' title='bbox 882 1810 1003 1884; x_wconf 88' lang='lat' dir='ltr'><strong>aliter</strong></span> <span class='ocrx_word' id='word_1_87' title='bbox 1026 1816 1159 1887; x_wconf 80' lang='lat' dir='ltr'><strong>videtu</strong></span> 
     </span>
     <span class='ocr_line' id='line_1_14' title="bbox 148 1917 1156 2030; baseline 0.017 -39"><span class='ocrx_word' id='word_1_88' title='bbox 148 1917 328 1991; x_wconf 79' lang='lat' dir='ltr'><strong>obtulisse</strong></span> <span class='ocrx_word' id='word_1_89' title='bbox 362 1917 647 1990; x_wconf 73' lang='lat' dir='ltr'><strong>lloechstetteno</strong></span> <span class='ocrx_word' id='word_1_90' title='bbox 679 1919 756 2017; x_wconf 86' lang='grc'>(1),</span> <span class='ocrx_word' id='word_1_91' title='bbox 789 1926 1067 2005; x_wconf 80' lang='lat' dir='ltr'><strong>Drelinourtio</strong></span> <span class='ocrx_word' id='word_1_92' title='bbox 1097 1934 1156 2030; x_wconf 82' lang='grc'>(1),</span> 
     </span>
     <span class='ocr_line' id='line_1_15' title="bbox 146 2034 1153 2134; baseline 0.012 -24"><span class='ocrx_word' id='word_1_93' title='bbox 146 2034 296 2110; x_wconf 76' lang='lat' dir='ltr'><strong>Nucltio</strong></span> <span class='ocrx_word' id='word_1_94' title='bbox 311 2034 386 2134; x_wconf 83' lang='grc'>(3),</span> <span class='ocrx_word' id='word_1_95' title='bbox 413 2061 576 2134; x_wconf 81' lang='lat' dir='ltr'><strong>quorum</strong></span> <span class='ocrx_word' id='word_1_96' title='bbox 596 2039 740 2134; x_wconf 75' lang='lat' dir='ltr'><strong>primus</strong></span> <span class='ocrx_word' id='word_1_97' title='bbox 757 2040 1000 2120; x_wconf 84' lang='lat' dir='ltr'><strong>umbilicum</strong></span> <span class='ocrx_word' id='word_1_98' title='bbox 1019 2052 1110 2124; x_wconf 89' lang='lat' dir='ltr'><strong>vidit</strong></span> <span class='ocrx_word' id='word_1_99' title='bbox 1123 2053 1153 2122; x_wconf 92' lang='lat' dir='ltr'><strong>in</strong></span> 
     </span>
     <span class='ocr_line' id='line_1_16' title="bbox 148 2154 1156 2258; baseline 0.019 -36"><span class='ocrx_word' id='word_1_100' title='bbox 148 2154 221 2226; x_wconf 87' lang='lat' dir='ltr'><strong>hoc</strong></span> <span class='ocrx_word' id='word_1_101' title='bbox 240 2155 375 2226; x_wconf 81' lang='lat' dir='ltr'><strong>morbo</strong></span> <span class='ocrx_word' id='word_1_102' title='bbox 396 2179 605 2252; x_wconf 74' lang='lat' dir='ltr'><strong>expansum</strong></span> <span class='ocrx_word' id='word_1_103' title='bbox 619 2169 656 2224; x_wconf 83' lang='lat' dir='ltr'><strong>et</strong></span> <span class='ocrx_word' id='word_1_104' title='bbox 667 2155 794 2254; x_wconf 77' lang='lat' dir='ltr'><strong>plane</strong></span> <span class='ocrx_word' id='word_1_105' title='bbox 815 2157 1058 2258; x_wconf 75' lang='lat' dir='ltr'><strong>dilatatum,</strong></span> <span class='ocrx_word' id='word_1_106' title='bbox 1077 2170 1156 2241; x_wconf 79' lang='lat' dir='ltr'><strong>alter</strong></span> 
     </span>
     <span class='ocr_line' id='line_1_17' title="bbox 141 2274 1155 2386; baseline 0.011 -44"><span class='ocrx_word' id='word_1_107' title='bbox 141 2277 367 2374; x_wconf 84' lang='lat' dir='ltr'><strong>projectum,</strong></span> <span class='ocrx_word' id='word_1_108' title='bbox 402 2274 535 2343; x_wconf 88' lang='lat' dir='ltr'><strong>tertius</strong></span> <span class='ocrx_word' id='word_1_109' title='bbox 564 2274 616 2342; x_wconf 82' lang='lat' dir='ltr'><strong>ita</strong></span> <span class='ocrx_word' id='word_1_110' title='bbox 634 2279 944 2371; x_wconf 80' lang='lat' dir='ltr'><strong>prominentem,</strong></span> <span class='ocrx_word' id='word_1_111' title='bbox 983 2302 1031 2357; x_wconf 72' lang='lat' dir='ltr'><strong>ue</strong></span> <span class='ocrx_word' id='word_1_112' title='bbox 1046 2292 1155 2386; x_wconf 64' lang='lat' dir='ltr'><strong>pugni</strong></span> 
     </span>
     <span class='ocr_line' id='line_1_18' title="bbox 144 2389 1154 2499; baseline 0.012 -40"><span class='ocrx_word' id='word_1_113' title='bbox 144 2390 436 2487; x_wconf 74' lang='lat' dir='ltr'><strong>magnitudinem</strong></span> <span class='ocrx_word' id='word_1_114' title='bbox 438 2389 563 2478; x_wconf 81' lang='lat' dir='ltr'><strong>facile·</strong></span> <span class='ocrx_word' id='word_1_115' title='bbox 574 2407 782 2488; x_wconf 75' lang='lat' dir='ltr'><strong>superaret:</strong></span> <span class='ocrx_word' id='word_1_116' title='bbox 800 2396 909 2483; x_wconf 82' lang='lat' dir='ltr'><strong>Quid</strong></span> <span class='ocrx_word' id='word_1_117' title='bbox 925 2399 945 2468; x_wconf 71' lang='lat'><strong>‚³</strong></span> <span class='ocrx_word' id='word_1_118' title='bbox 962 2405 1074 2499; x_wconf 78' lang='lat' dir='ltr'><strong>quod</strong></span> <span class='ocrx_word' id='word_1_119' title='bbox 1090 2428 1154 2476; x_wconf 78' lang='lat' dir='ltr'><strong>rm·</strong></span> 
     </span>
     <span class='ocr_line' id='line_1_19' title="bbox 145 2506 1151 2614; baseline 0.015 -38"><span class='ocrx_word' id='word_1_120' title='bbox 145 2509 225 2579; x_wconf 81' lang='lat' dir='ltr'><strong>ticoe</strong></span> <span class='ocrx_word' id='word_1_121' title='bbox 244 2507 411 2591; x_wconf 84' lang='lat' dir='ltr'><strong>mulieri,</strong></span> <span class='ocrx_word' id='word_1_122' title='bbox 432 2506 512 2576; x_wconf 86' lang='lat' dir='ltr'><strong>acl.</strong></span> <span class='ocrx_word' id='word_1_123' title='bbox 529 2506 707 2577; x_wconf 80' lang='lat' dir='ltr'><strong>Brebmio</strong></span> <span class='ocrx_word' id='word_1_124' title='bbox 724 2507 778 2603; x_wconf 83' lang='grc'>(4)</span> <span class='ocrx_word' id='word_1_125' title='bbox 787 2508 1027 2614; x_wconf 79' lang='lat' dir='ltr'><strong>descmptae</strong></span> <span class='ocrx_word' id='word_1_126' title='bbox 1043 2520 1151 2592; x_wconf 86' lang='lat' dir='ltr'><strong>umbi·</strong></span> 
     </span>
     <span class='ocr_line' id='line_1_20' title="bbox 142 2622 1148 2740; baseline 0.016 -46"><span class='ocrx_word' id='word_1_127' title='bbox 142 2623 236 2694; x_wconf 88' lang='lat' dir='ltr'><strong>licus</strong></span> <span class='ocrx_word' id='word_1_128' title='bbox 263 2649 342 2694; x_wconf 91' lang='lat' dir='ltr'><strong>non</strong></span> <span class='ocrx_word' id='word_1_129' title='bbox 369 2623 489 2694; x_wconf 88' lang='lat' dir='ltr'><strong>modo</strong></span> <span class='ocrx_word' id='word_1_130' title='bbox 509 2622 557 2740; x_wconf 85' lang='lat' dir='ltr'><strong>ad</strong></span> <span class='ocrx_word' id='word_1_131' title='bbox 576 2626 637 2693; x_wconf 92' lang='lat' dir='ltr'><strong>ovi</strong></span> <span class='ocrx_word' id='word_1_132' title='bbox 656 2627 819 2695; x_wconf 71' lang='lat' dir='ltr'><strong>anserini</strong></span> <span class='ocrx_word' id='word_1_133' title='bbox 852 2638 1148 2730; x_wconf 81' lang='lat' dir='ltr'><strong>magnitudinem</strong></span> 
     </span>
     <span class='ocr_line' id='line_1_21' title="bbox 142 2724 1148 2853; baseline 0.015 -43"><span class='ocrx_word' id='word_1_134' title='bbox 142 2741 403 2838; x_wconf 79' lang='lat' dir='ltr'><strong>prominebat,</strong></span> <span class='ocrx_word' id='word_1_135' title='bbox 424 2724 557 2813; x_wconf 86' lang='lat' dir='ltr'><strong>verum</strong></span> <span class='ocrx_word' id='word_1_136' title='bbox 571 2742 682 2812; x_wconf 83' lang='lat' dir='ltr'><strong>etiam</strong></span> <span class='ocrx_word' id='word_1_137' title='bbox 701 2758 836 2840; x_wconf 90' lang='lat' dir='ltr'><strong>sponte</strong></span> <span class='ocrx_word' id='word_1_138' title='bbox 855 2747 1064 2853; x_wconf 85' lang='lat' dir='ltr'><strong>disruptus</strong></span> <span class='ocrx_word' id='word_1_139' title='bbox 1081 2779 1148 2827; x_wconf 82' lang='lat' dir='ltr'><strong>eam</strong></span> 
     </span>
     <span class='ocr_line' id='line_1_22' title="bbox 142 2856 1149 2958; baseline 0.018 -28"><span class='ocrx_word' id='word_1_140' title='bbox 142 2882 214 2930; x_wconf 84' lang='lat' dir='ltr'><strong>sen</strong></span> <span class='ocrx_word' id='word_1_141' title='bbox 204 2856 372 2956; x_wconf 87' lang='lat' dir='ltr'><strong>limpidi</strong></span> <span class='ocrx_word' id='word_1_142' title='bbox 391 2859 542 2930; x_wconf 88' lang='lat' dir='ltr'><strong>inodori</strong></span> <span class='ocrx_word' id='word_1_143' title='bbox 561 2883 629 2957; x_wconf 85' lang='lat' dir='ltr'><strong>per</strong></span> <span class='ocrx_word' id='word_1_144' title='bbox 646 2861 824 2958; x_wconf 85' lang='lat' dir='ltr'><strong>exiguum</strong></span> <span class='ocrx_word' id='word_1_145' title='bbox 838 2862 997 2943; x_wconf 85' lang='lat' dir='ltr'><strong>hiatum</strong></span> <span class='ocrx_word' id='word_1_146' title='bbox 1009 2874 1149 2946; x_wconf 68' lang='lat' dir='ltr'><strong>alternis</strong></span> 
     </span>
     <span class='ocr_line' id='line_1_23' title="bbox 140 2974 1145 3083; baseline 0.009 -35"><span class='ocrx_word' id='word_1_147' title='bbox 140 3001 290 3074; x_wconf 81' lang='lat' dir='ltr'><strong>semper</strong></span> <span class='ocrx_word' id='word_1_148' title='bbox 305 2976 439 3051; x_wconf 57' lang='lat' dir='ltr'><strong>dibus</strong></span> <span class='ocrx_word' id='word_1_149' title='bbox 457 2979 604 3074; x_wconf 89' lang='lat' dir='ltr'><strong>copiam</strong></span> <span class='ocrx_word' id='word_1_150' title='bbox 618 2974 766 3066; x_wconf 86' lang='lat' dir='ltr'><strong>effudit,</strong></span> <span class='ocrx_word' id='word_1_151' title='bbox 781 2994 826 3051; x_wconf 87' lang='lat' dir='ltr'><strong>ut</strong></span> <span class='ocrx_word' id='word_1_152' title='bbox 842 2981 1004 3083; x_wconf 75' lang='lat' dir='ltr'><strong>ingenti</strong></span> <span class='ocrx_word' id='word_1_153' title='bbox 1022 2994 1145 3064; x_wconf 65' lang='lat' dir='ltr'><strong>veiitn&#39;s</strong></span> 
     </span>
     <span class='ocr_line' id='line_1_24' title="bbox 55 3094 1144 3193; baseline 0.014 -30"><span class='ocrx_word' id='word_1_154' title='bbox 55 3132 59 3140; x_wconf 90' lang='lat'><em>·</em></span> <span class='ocrx_word' id='word_1_155' title='bbox 138 3115 286 3166; x_wconf 89' lang='lat' dir='ltr'><strong>tumore</strong></span> <span class='ocrx_word' id='word_1_156' title='bbox 306 3097 456 3191; x_wconf 90' lang='lat' dir='ltr'><strong>penitus</strong></span> <span class='ocrx_word' id='word_1_157' title='bbox 480 3094 647 3181; x_wconf 86' lang='lat' dir='ltr'><strong>sublato,</strong></span> <span class='ocrx_word' id='word_1_158' title='bbox 675 3120 771 3193; x_wconf 79' lang='lat' dir='ltr'><strong>aeg-ra</strong></span> <span class='ocrx_word' id='word_1_159' title='bbox 796 3105 1056 3181; x_wconf 73' lang='lat' dir='ltr'><strong>eonvaluerit.</strong></span> <span class='ocrx_word' id='word_1_160' title='bbox 1085 3106 1144 3181; x_wconf 81' lang='lat' dir='ltr'><strong>Sed</strong></span> 
     </span>
     <span class='ocr_line' id='line_1_25' title="bbox 137 3210 1140 3327; baseline 0.017 -49"><span class='ocrx_word' id='word_1_161' title='bbox 137 3212 318 3307; x_wconf 88' lang='lat' dir='ltr'><strong>quoniam</strong></span> <span class='ocrx_word' id='word_1_162' title='bbox 338 3213 483 3285; x_wconf 80' lang='lat' dir='ltr'><strong>auctori</strong></span> <span class='ocrx_word' id='word_1_163' title='bbox 499 3210 602 3283; x_wconf 84' lang='lat' dir='ltr'><strong>hunc</strong></span> <span class='ocrx_word' id='word_1_164' title='bbox 622 3211 835 3311; x_wconf 68' lang='lat' dir='ltr'><strong>hydnopem</strong></span> <span class='ocrx_word' id='word_1_165' title='bbox 862 3215 993 3297; x_wconf 79' lang='lat' dir='ltr'><strong>fuisse</strong></span> <span class='ocrx_word' id='word_1_166' title='bbox 1016 3228 1140 3327; x_wconf 84' lang='lat' dir='ltr'><strong>perito·</strong></span> 
     </span>
     <span class='ocr_line' id='line_1_26' title="bbox 14 3305 1148 3432; baseline 0.015 -36"><span class='ocrx_word' id='word_1_167' title='bbox 14 3305 18 3319; x_wconf 49' lang='lat'>⁸</span> <span class='ocrx_word' id='word_1_168' title='bbox 51 3410 52 3414; x_wconf 7' lang='grc' dir='ltr'><strong>Ἰ</strong></span> <span class='ocrx_word' id='word_1_169' title='bbox 136 3329 221 3412; x_wconf 80' lang='lat' dir='ltr'><strong>noei,</strong></span> <span class='ocrx_word' id='word_1_170' title='bbox 242 3331 360 3422; x_wconf 78' lang='lat' dir='ltr'><strong>magis</strong></span> <span class='ocrx_word' id='word_1_171' title='bbox 379 3327 754 3419; x_wconf 62' lang='lat' dir='ltr'><strong>verisimile-videtum</strong></span> <span class='ocrx_word' id='word_1_172' title='bbox 770 3357 935 3432; x_wconf 77' lang='lat' dir='ltr'><strong>aequum</strong></span> <span class='ocrx_word' id='word_1_173' title='bbox 955 3340 1024 3416; x_wconf 79' lang='lat' dir='ltr'><strong>bic</strong></span> <span class='ocrx_word' id='word_1_174' title='bbox 1041 3357 1148 3420; x_wconf 87' lang='lat' dir='ltr'><strong>estut·</strong></span> 
     </span>
    </p>
   </div>
   <div class='ocr_carea' id='block_1_3' title="bbox 131 3527 1136 3560">
    <p class='ocr_par' dir='ltr' id='par_1_3' title="bbox 131 3527 1136 3560">
     <span class='ocr_line' id='line_1_27' title="bbox 131 3527 1136 3560; baseline 0.001 -15"><span class='ocrx_word' id='word_1_175' title='bbox 131 3527 1136 3560; x_wconf 51' lang='lat' dir='ltr'><em>Q</em></span> 
     </span>
    </p>
   </div>
   <div class='ocr_carea' id='block_1_4' title="bbox 169 3651 683 4030">
    <p class='ocr_par' dir='ltr' id='par_1_4' title="bbox 171 3651 452 3926">
     <span class='ocr_line' id='line_1_28' title="bbox 173 3651 452 3730; baseline -0.014 -22"><span class='ocrx_word' id='word_1_176' title='bbox 173 3654 294 3730; x_wconf 81' lang='grc' dir='ltr'><strong>(11)(ἰῐ.</strong></span> <span class='ocrx_word' id='word_1_177' title='bbox 308 3651 346 3707; x_wconf 81' lang='lat' dir='ltr'><strong>ad</strong></span> <span class='ocrx_word' id='word_1_178' title='bbox 361 3658 452 3729; x_wconf 62' lang='lat'>”747-</span> 
     </span>
     <span class='ocr_line' id='line_1_29' title="bbox 173 3749 406 3828; baseline -0.013 -20"><span class='ocrx_word' id='word_1_179' title='bbox 173 3752 284 3828; x_wconf 80' lang='grc' dir='ltr'>(1)Αᾶ</span> <span class='ocrx_word' id='word_1_180' title='bbox 304 3771 335 3808; x_wconf 88' lang='lat' dir='ltr'><strong>u.</strong></span> <span class='ocrx_word' id='word_1_181' title='bbox 358 3749 406 3807; x_wconf 82' lang='lat'><strong>50.</strong></span> 
     </span>
     <span class='ocr_line' id='line_1_30' title="bbox 171 3850 311 3926; baseline 0.023 -23"><span class='ocrx_word' id='word_1_182' title='bbox 171 3852 200 3925; x_wconf 83' lang='lat'><strong>(3</strong></span> <span class='ocrx_word' id='word_1_183' title='bbox 203 3850 215 3926; x_wconf 86' lang='grc'>)</span> <span class='ocrx_word' id='word_1_184' title='bbox 184 3850 311 3906; x_wconf 89' lang='lat' dir='ltr'><strong>3lbid.</strong></span> 
     </span>
    </p>

    <p class='ocr_par' dir='ltr' id='par_1_5' title="bbox 169 3946 683 4030">
     <span class='ocr_line' id='line_1_31' title="bbox 169 3946 683 4030; baseline 0 -22"><span class='ocrx_word' id='word_1_185' title='bbox 169 3947 300 4030; x_wconf 73' lang='grc' dir='ltr'>(4)Αοῑ.</span> <span class='ocrx_word' id='word_1_186' title='bbox 318 3950 403 4010; x_wconf 69' lang='grc' dir='ltr'><strong>Μ.</strong></span> <span class='ocrx_word' id='word_1_187' title='bbox 419 3959 489 4009; x_wconf 83' lang='lat' dir='ltr'><strong>tom.</strong></span> <span class='ocrx_word' id='word_1_188' title='bbox 504 3946 538 4022; x_wconf 87' lang='lat'><strong>8,</strong></span> <span class='ocrx_word' id='word_1_189' title='bbox 554 3947 619 4006; x_wconf 74' lang='lat' dir='ltr'><strong>obs.</strong></span> <span class='ocrx_word' id='word_1_190' title='bbox 634 3964 683 4023; x_wconf 79' lang='lat'><strong>79.</strong></span> 
     </span>
    </p>
   </div>
   <div class='ocr_carea' id='block_1_5' title="bbox 0 0 1294 4514">
    <p class='ocr_par' dir='ltr' id='par_1_6' title="bbox 0 0 1294 4514">
     <span class='ocr_line' id='line_1_32' title="bbox 0 0 1294 4514; baseline 0 10"><span class='ocrx_word' id='word_1_191' title='bbox 0 0 1294 4514; x_wconf 95' lang='lat' dir='ltr'><strong> </strong></span> 
     </span>
    </p>
   </div>
  </div>
 </body>
</html>
