2580 4514
197 408 269 457 ιιι.
287 404 343 455 ιιι.
360 407 408 454 nr
427 405 562 454 nonnis
581 406 750 470 vaurms,
768 407 878 454 arrsr.
896 409 1047 456 xxxvrn.
1076 385 1142 460 561

141 522 231 595 lore
262 518 490 618 querebatur
521 520 560 589 in
590 520 735 590 sinistra
764 517 928 599 thoracis
957 538 1081 619 parte,
1107 527 1147 595 in

144 661 268 738 quam
286 652 328 708 ut
349 661 473 733 neque
494 636 532 706 in
556 634 709 707 dorsum
732 635 870 706 cubare
891 662 968 708 non
989 656 1147 736 poterat.

142 757 217 833 liis
235 753 414 827 omnibus
433 752 795 852 ingravescentibus,
817 755 986 826 moritur.
1001 763 1044 827 ln
1063 784 1151 831 ven·

147 887 210 947 tre
220 896 314 944 sana
330 885 437 942 erant
456 872 595 942 viscera
617 871 764 958 omnia,
786 884 826 940 nt
849 869 907 942 vel
928 873 965 942 in
985 873 1073 970 ipsis
1094 877 1151 945 in-

125 990 299 1063 .-testinis
324 1013 398 1086 qua
426 985 609 1058 umbilico
632 987 927 1084 respondebant,
949 989 1043 1060 nihil
1072 993 1151 1063 vitii

151 1103 449 1179 animadvertere
462 1104 625 1192 licuerit,
645 1116 779 1202 praeter
798 1104 961 1176 colorem
975 1109 1079 1204 quasi
1093 1110 1151 1179 ni-

115 1290 118 1297 .
152 1224 371 1323 gricantem.
396 1222 547 1293 Ventris
568 1237 692 1292 tamen
719 1245 829 1292 cavea
851 1222 1025 1294 subllavae
1048 1249 1153 1322 aquae
1254 1248 1257 1255 ·

151 1338 270 1413 libras
296 1353 369 1410 tres
389 1353 598 1435 quatuorve
616 1338 843 1410 continebat.
868 1339 1045 1412 Thoracis
1063 1367 1154 1439 quo-

155 1480 231 1554 que
251 1455 443 1526 sinistrum
460 1478 591 1526 cavum
611 1479 707 1551 aqua
727 1470 804 1526 erat
824 1455 978 1553 plenum
994 1460 1153 1530 omnino

154 1571 290 1655 simili,
309 1571 380 1643 nisi
400 1571 505 1668 quod
533 1573 572 1640 in
599 1570 668 1641 hac
699 1574 958 1644 concretiones
984 1575 1154 1671 quaedam

153 1688 388 1774 innatabant,
400 1686 657 1785 pellicularum
671 1688 795 1759 instar.
813 1693 888 1759 Hac
905 1691 943 1760 in
958 1715 1055 1789 aqua
1067 1694 1154 1790 pul-

156 1829 224 1879 mo
240 1820 320 1878 erat
335 1806 553 1877 sanissimus
572 1821 607 1876 et
624 1804 670 1875 ab
689 1806 793 1876 omni
817 1804 1027 1880 adhaesione
1047 1809 1156 1882 liber.

157 1920 293 1997 Pulmo
313 1936 438 1993 autem
455 1921 585 1993 dexter
605 1947 734 1993 cavum
758 1947 866 1994 suum
884 1941 1009 1998 exacte
1026 1928 1158 2025 imple·

114 2106 117 2113 .
157 2038 245 2127 bat,
262 2039 403 2137 quippe
418 2038 465 2108 ad
479 2039 647 2137 pleuram
665 2039 832 2135 undique
849 2039 1041 2114 adhaerens
1059 2060 1158 2116 arcte

159 2155 257 2231 adeo
281 2170 324 2228 ut
353 2158 515 2252 separari
549 2158 610 2226 vix
640 2171 786 2253 posset:
808 2172 963 2253 eratque
987 2159 1157 2256 aliquan·
1204 2240 1206 2244 ¹

113 2340 115 2345 .
159 2289 244 2347 tum
281 2271 498 2362 induratus,
534 2288 576 2344 ut
611 2272 838 2369 phelgmone
877 2274 1160 2369 quodammodo

159 2391 305 2464 tentari
321 2390 521 2462 videretur.
539 2394 707 2486 Uterque
726 2388 849 2459 cordis
863 2392 1091 2463 ventriculus
1108 2394 1161 2463 la·

159 2533 251 2581 xam
268 2509 547 2579 concretionem
571 2506 790 2604 polyposam
812 2505 1047 2595 continebat;
1074 2508 1162 2580 dex·

163 2642 227 2699 ter
239 2639 364 2697 tamen
382 2626 561 2721 majorem
580 2649 693 2720 quam
709 2625 864 2695 sinister.
880 2629 1060 2696 Caeterum
1075 2626 1164 2723 lym·

165 2743 253 2844 phae
269 2741 405 2815 ductus
423 2744 462 2813 in
482 2742 555 2812 hoc
581 2741 759 2813 cadavere
777 2741 883 2812 nullo
902 2742 1017 2813 modo
1039 2757 1163 2841 turge-

162 2860 271 2935 bant.

221 2977 276 3049 16.
291 2977 517 3049 Adolescens
530 2999 716 3047 annorum
730 2976 877 3046 circiter
887 2975 1165 3073 septemdecim,

112 3176 116 3181 ,
166 3096 372 3193 corripitur
393 3091 536 3166 difficili
552 3094 824 3191 respiratione,
849 3093 942 3163 sicca
961 3095 1068 3182 tussi,
1090 3121 1166 3168 ma-

165 3213 272 3285 xima
290 3213 360 3283 siti.
394 3216 528 3282 Parum
543 3211 699 3307 ,mingit
728 3213 858 3280 Latere
889 3208 1042 3281 dextero
1070 3237 1166 3283 non·

166 3327 265 3402 nibil
281 3327 404 3417 dolet,
420 3330 460 3399 iu
471 3329 544 3398 hoc
556 3326 703 3399 assidue
716 3325 838 3396 cubat.
849 3326 1013 3397 Tandem
1028 3329 1167 3401 interit.

167 3449 312 3519 Venter
329 3470 425 3542 aqua
446 3446 602 3544 plenus:
626 3443 801 3514 intestina
818 3457 855 3515 et
870 3444 1101 3516 ventriculus
1120 3447 1169 3516 al·

166 3561 260 3637 bida
277 3589 285 3632 ε
303 3578 425 3635 totum
440 3562 558 3660 hepar
573 3560 735 3632 durum:
757 3560 849 3645 lien,
870 3561 941 3631 nisi
960 3561 1062 3657 quod
1079 3588 1169 3659 pau·

169 3678 211 3751 lo
225 3679 345 3775 major
354 3694 448 3759 erat,
467 3695 596 3752 caetera
613 3701 733 3749 sanus.
747 3677 923 3774 Lymphae
942 3676 1076 3749 ductus
1091 3703 1174 3751 non·

169 3795 399 3894 turgebant,
416 3813 457 3868 ut
482 3776 678 3893 aliquoties
693 3795 732 3864 in
747 3793 970 3890 quibusdam
991 3794 1169 3895 hydropi·

173 3913 245 4001 cis,
265 3914 363 3986 sanis
377 3913 603 4005 visceribus,
619 3928 675 3987 est
689 3911 938 3987 observatum.

246 4032 282 4116 4.
437 4105 439 4109 ,
979 4026 1026 4101 36
