2580 4514
228 374 299 447 682
395 394 442 440 mr
467 391 615 440 ssoruus
641 392 684 438 rr
709 390 834 442 causis
857 360 1085 441 sinuosum

227 511 315 582 licet
333 507 386 579 illi
400 510 497 579 iutra
509 506 707 578 biennium
726 505 935 593 tredecies,
954 505 1051 579 huic
1071 509 1166 580 intra
1183 507 1235 580 de·

229 654 313 704 cem
331 651 480 699 menses
498 624 689 698 sexdecies
708 648 805 721 aqua
820 624 970 698 ‘educta
994 627 1069 707 sit,
1090 642 1132 698 ut
1150 651 1237 699 snm-

227 770 292 817 ma
308 747 348 817 in
364 744 438 816 hae
457 743 569 817 fuerit
584 741 769 815 librarum
789 742 886 814 ultra
902 746 1172 842 septingentas
1193 746 1237 814 vi-

228 864 345 962 ginti,
368 879 447 936 tum
469 887 560 934 vero
576 887 657 933 nou
689 862 738 933 ita
751 859 929 959 expedita
951 886 1114 962 semper
1140 879 1176 936 et
1191 889 1237 936 sc·

228 976 323 1056 cura
343 997 385 1053 ut
402 1006 422 1052 a
437 981 562 1078 primo
577 980 657 1052 haec
682 978 842 1052 curandi
861 982 961 1051 ratio
980 982 1076 1076 jure
1099 982 1237 1054 merito

114 1086 120 1097 ¹
228 1127 308 1199 que
325 1101 400 1173 visa
415 1115 481 1171 est..
500 1098 613 1190 Quod
627 1111 734 1169 tauto
747 1099 865 1196 magis
875 1097 950 1168 tibi
965 1101 1100 1172 visum
1110 1101 1160 1171 iri
1175 1123 1237 1170 nor

230 1218 388 1305 dubito,
419 1232 563 1314 quanto
592 1217 718 1313 plures
747 1241 797 1286 ex
832 1217 1114 1314 superioribus
1145 1218 1237 1289 etiam

232 1335 469 1436 temporibus
483 1361 506 1406 a
528 1359 590 1406 me
608 1333 892 1406 observationes
917 1336 1127 1433 producta:
1150 1351 1238 1419 mut,

230 1454 425 1553 inquibus
444 1453 506 1523 illa
523 1452 717 1550 peritoua‘i
735 1454 823 1524 vitia
837 1451 1113 1526 nondefuere.
1127 1460 1238 1552 Itaque

230 1588 368 1672 praeter
396 1594 456 1642 eas
491 1568 670 1655 feminas,
706 1594 800 1667 quas
830 1568 1024 1642 duntaxat
1059 1584 1238 1670 exceperat

232 1690 408 1787 Tulpius‚
426 1713 588 1787 quarum
610 1689 709 1759 vires
729 1689 806 1783 jam
824 1684 951 1758 fractae
970 1689 1081 1778 sint,
1103 1705 1142 1761 et
1162 1709 1237 1785 quas

230 1823 362 1905 postea
378 1805 428 1878 ob
443 1830 573 1878 causas
594 1807 714 1876 varias
734 1805 889 1903 quidem
905 1806 1132 1879 excluserat
1156 1809 1237 1877 Nuc-

232 1921 335 2012 kius‚
356 1923 419 1995 sed
445 1921 520 1995 fere
543 1949 677 1996 omncs
699 1922 745 1994 ad
767 1921 866 1993 idem
896 1940 1020 2022 caput
1037 1921 1238 1997 referendas

232 2040 331 2114 bene
351 2043 614 2139 sapienterque
632 2041 722 2112 alias
737 2042 893 2139 insuper
905 2041 1065 2115 addidit
1082 2044 1237 2125 Littrius,

231 2160 462 2246 admonens,
482 2175 627 2258 quanto
646 2183 733 2231 cum
748 2174 854 2230 metu
866 2157 1040 2233 infelicis
1055 2163 1176 2233 exitus
1190 2183 1238 2231 cu·

231 2279 369 2352 caudas
388 2279 635 2376 suscipiamus
648 2301 714 2349 ‘eas
732 2278 771 2346 iu
790 2274 934 2374 quibus
956 2303 1044 2349 uon
1068 2279 1183 2350 modo
1196 2279 1237 2346 in·

230 2411 418 2468 veteratus
446 2394 554 2466 vaide
581 2397 627 2468 sit
659 2393 817 2466 morbus
836 2408 873 2465 et
907 2395 1027 2468 valde
1057 2413 1238 2479 extensus,

230 2515 495 2588 verumetiam
526 2514 565 2582 in
592 2512 732 2610 quibus
747 2512 916 2584 detracta
939 2537 1050 2611 aqua
1077 2538 1195 2588 crassa
1212 2525 1239 2582 et

232 2632 456 2732 graveolens
479 2633 526 2703 sit
542 2632 702 2730 etpravi
721 2631 881 2717 coloris,
900 2646 941 2702 et
969 2633 1013 2703 in
1035 2634 1177 2731 quibos
1192 2648 1239 2702 tu·

231 2775 319 2821 mor
337 2750 472 2847 aliquis
491 2765 556 2822 aut
574 2749 751 2835 durities,
770 2750 904 2821 emissa
926 2736 1118 2824 videlicet
1141 2772 1238 2848 aqua,

231 2869 273 2938 iu
291 2883 396 2966 parte
406 2867 535 2965 aliqua
549 2868 781 2965 percipiatur
798 2867 895 2938 sacci
911 2869 1132 2964 peritouaei.
1147 2862 1239 2959 Quod

232 2986 383 3083 signum
404 3000 533 3082 postea
550 2986 588 3055 in
607 2983 741 3055 Laubii
759 2981 899 3054 femina
912 2983 1166 3063 manifestum
1178 2981 1240 3059 fuit

234 3126 402 3173 necnon
422 3101 525 3173 aliud
538 3101 615 3173 huc
635 3100 911 3197 adjiciendum,
930 3101 1090 3177 scilicet
1115 3114 1240 3203 puncto

233 3219 369 3291 dextro
388 3219 522 3309 laterc3
542 3218 646 3290 nihii
662 3219 737 3291 nisi
757 3243 828 3318 pus
845 3215 1073 3311 effluxisse,
1096 3223 1185 3294 dum
1206 3241 1240 3289 cr

237 3338 377 3420 altero,
399 3353 631 3436 compuncto
649 3337 784 3421 eodem
813 3352 1015 3447 tempore,
1039 3364 1144 3440 aqua
1170 3361 1239 3437 pro

238 3453 389 3525 fluebat.
403 3458 545 3525 Verum
566 3454 670 3550 signa
690 3453 769 3524 haec
786 3453 918 3525 ultima
940 3453 991 3525 ad
1013 3477 1238 3556 praecognos-

241 3573 402 3646 cendum
433 3573 572 3644 exitum
591 3586 789 3668 spectant,
808 3596 886 3645 non
907 3575 1167 3674 suscipiendae
1190 3567 1238 3645 sed

240 3706 421 3789 suscepte
434 3691 510 3787 jam
533 3690 748 3760 curationis.
799 3702 801 3706 ’

264 3810 349 3903 ,δι
377 3813 422 3879 At
440 3808 661 3905 priusquam
687 3830 708 3877 a
730 3820 765 3876 te
787 3803 1048 3904 suscipiatur,
1087 3810 1239 3911 exquiras

241 3926 442 4025 diligenter
460 3924 596 4010 velim,
616 3949 709 3995 num
736 3923 914 4016 durities,
939 3945 1010 4002 aut
1034 3946 1164 4005 tumor
1185 3925 1237 3999 ali·
