<?xml version="1.0" encoding="UTF-8"?>
<!DOCTYPE html PUBLIC "-//W3C//DTD XHTML 1.0 Transitional//EN"
    "http://www.w3.org/TR/xhtml1/DTD/xhtml1-transitional.dtd">
<html xmlns="http://www.w3.org/1999/xhtml" xml:lang="en" lang="en">
 <head>
  <title>
</title>
<meta http-equiv="Content-Type" content="text/html;charset=utf-8" />
  <meta name='ocr-system' content='tesseract 3.04.00' />
  <meta name='ocr-capabilities' content='ocr_page ocr_carea ocr_par ocr_line ocrx_word'/>
</head>
<body>
  <div class='ocr_page' id='page_1' title='image "./desedibusetcaus00adelgoog_0283.png"; bbox 0 0 2580 4514; ppageno 0'>
   <div class='ocr_carea' id='block_1_1' title="bbox 138 85 977 159">
    <p class='ocr_par' dir='ltr' id='par_1_1' title="bbox 138 85 977 159">
     <span class='ocr_line' id='line_1_1' title="bbox 138 85 977 159; baseline 0.002 -2"><span class='ocrx_word' id='word_1_1' title='bbox 138 85 208 157; x_wconf 65' lang='lat'>182</span> <span class='ocrx_word' id='word_1_2' title='bbox 302 110 350 155; x_wconf 79' lang='lat' dir='ltr'>na</span> <span class='ocrx_word' id='word_1_3' title='bbox 375 107 522 157; x_wconf 79' lang='lat' dir='ltr'>samma</span> <span class='ocrx_word' id='word_1_4' title='bbox 546 110 592 156; x_wconf 79' lang='lat' dir='ltr'>ar</span> <span class='ocrx_word' id='word_1_5' title='bbox 615 108 741 157; x_wconf 74' lang='lat' dir='ltr'>causis</span> <span class='ocrx_word' id='word_1_6' title='bbox 765 110 977 159; x_wconf 75' lang='lat' dir='ltr'>noaaoamr</span> 
     </span>
    </p>
   </div>
   <div class='ocr_carea' id='block_1_2' title="bbox 28 206 1179 3393">
    <p class='ocr_par' dir='ltr' id='par_1_2' title="bbox 28 206 1179 3393">
     <span class='ocr_line' id='line_1_2' title="bbox 137 206 1179 325; baseline 0.005 -33"><span class='ocrx_word' id='word_1_7' title='bbox 137 222 260 295; x_wconf 89' lang='lat' dir='ltr'>vulsio</span> <span class='ocrx_word' id='word_1_8' title='bbox 290 237 369 294; x_wconf 88' lang='lat' dir='ltr'>erat</span> <span class='ocrx_word' id='word_1_9' title='bbox 395 221 519 319; x_wconf 82' lang='lat' dir='ltr'>aliqua</span> <span class='ocrx_word' id='word_1_10' title='bbox 543 247 611 320; x_wconf 89' lang='lat' dir='ltr'>per</span> <span class='ocrx_word' id='word_1_11' title='bbox 637 248 752 320; x_wconf 90' lang='lat' dir='ltr'>quam</span> <span class='ocrx_word' id='word_1_12' title='bbox 768 248 811 295; x_wconf 87' lang='lat' dir='ltr'>ea</span> <span class='ocrx_word' id='word_1_13' title='bbox 829 222 914 296; x_wconf 85' lang='lat' dir='ltr'>tubi</span> <span class='ocrx_word' id='word_1_14' title='bbox 932 228 1110 325; x_wconf 77' lang='lat' dir='ltr'>parsiuti·</span> <span class='ocrx_word' id='word_1_15' title='bbox 1164 206 1179 233; x_wconf 59' lang='lat'>⁷</span> 
     </span>
     <span class='ocr_line' id='line_1_3' title="bbox 137 341 1179 439; baseline -0.004 -24"><span class='ocrx_word' id='word_1_16' title='bbox 137 356 249 423; x_wconf 79' lang='lat' dir='ltr'><strong>vente</strong></span> <span class='ocrx_word' id='word_1_17' title='bbox 269 341 386 439; x_wconf 86' lang='lat' dir='ltr'>magis</span> <span class='ocrx_word' id='word_1_18' title='bbox 413 366 528 438; x_wconf 88' lang='lat' dir='ltr'>quam</span> <span class='ocrx_word' id='word_1_19' title='bbox 557 342 595 410; x_wconf 93' lang='lat' dir='ltr'>in</span> <span class='ocrx_word' id='word_1_20' title='bbox 623 356 773 412; x_wconf 86' lang='lat' dir='ltr'>mortuo</span> <span class='ocrx_word' id='word_1_21' title='bbox 802 358 998 415; x_wconf 85' lang='lat' dir='ltr'>contracta</span> <span class='ocrx_word' id='word_1_22' title='bbox 1023 342 1113 417; x_wconf 70' lang='lat' dir='ltr'>esset?</span> <span class='ocrx_word' id='word_1_23' title='bbox 1177 406 1179 411; x_wconf 88' lang='grc'><em>,</em></span> 
     </span>
     <span class='ocr_line' id='line_1_4' title="bbox 136 456 1129 560; baseline 0.003 -28"><span class='ocrx_word' id='word_1_24' title='bbox 136 464 194 533; x_wconf 82' lang='lat' dir='ltr'>An</span> <span class='ocrx_word' id='word_1_25' title='bbox 214 459 378 557; x_wconf 86' lang='lat' dir='ltr'>denique</span> <span class='ocrx_word' id='word_1_26' title='bbox 402 456 476 530; x_wconf 92' lang='lat' dir='ltr'>hoc</span> <span class='ocrx_word' id='word_1_27' title='bbox 503 460 626 557; x_wconf 90' lang='lat' dir='ltr'>ipsum</span> <span class='ocrx_word' id='word_1_28' title='bbox 654 457 906 533; x_wconf 87' lang='lat' dir='ltr'>inflammatio</span> <span class='ocrx_word' id='word_1_29' title='bbox 931 462 1129 560; x_wconf 59' lang='lat' dir='ltr'>prastabatf·</span> 
     </span>
     <span class='ocr_line' id='line_1_5' title="bbox 138 577 1168 675; baseline 0.005 -27"><span class='ocrx_word' id='word_1_30' title='bbox 138 603 224 650; x_wconf 86' lang='lat' dir='ltr'>vasa</span> <span class='ocrx_word' id='word_1_31' title='bbox 245 594 281 649; x_wconf 87' lang='lat' dir='ltr'>et</span> <span class='ocrx_word' id='word_1_32' title='bbox 298 578 460 675; x_wconf 87' lang='lat' dir='ltr'>parietes</span> <span class='ocrx_word' id='word_1_33' title='bbox 487 577 625 674; x_wconf 83' lang='lat' dir='ltr'>magis,</span> <span class='ocrx_word' id='word_1_34' title='bbox 649 578 742 649; x_wconf 90' lang='lat' dir='ltr'>dum</span> <span class='ocrx_word' id='word_1_35' title='bbox 766 580 841 650; x_wconf 83' lang='lat' dir='ltr'>vita</span> <span class='ocrx_word' id='word_1_36' title='bbox 863 595 1051 669; x_wconf 85' lang='lat' dir='ltr'>maneret,</span> <span class='ocrx_word' id='word_1_37' title='bbox 1064 596 1123 653; x_wconf 84' lang='lat' dir='ltr'>tur·</span> <span class='ocrx_word' id='word_1_38' title='bbox 1165 668 1168 673; x_wconf 20' lang='grc' dir='ltr'>Ι</span> 
     </span>
     <span class='ocr_line' id='line_1_6' title="bbox 137 679 1171 797; baseline 0.005 -30"><span class='ocrx_word' id='word_1_39' title='bbox 137 696 222 797; x_wconf 84' lang='lat' dir='ltr'>gida</span> <span class='ocrx_word' id='word_1_40' title='bbox 240 695 461 783; x_wconf 83' lang='lat' dir='ltr'><strong>reddendo,</strong></span> <span class='ocrx_word' id='word_1_41' title='bbox 491 721 588 792; x_wconf 81' lang='lat' dir='ltr'>qum¹</span> <span class='ocrx_word' id='word_1_42' title='bbox 601 711 689 794; x_wconf 89' lang='lat' dir='ltr'>post</span> <span class='ocrx_word' id='word_1_43' title='bbox 715 712 876 768; x_wconf 89' lang='lat' dir='ltr'>mortem</span> <span class='ocrx_word' id='word_1_44' title='bbox 903 699 1028 771; x_wconf 84' lang='lat' dir='ltr'>laxata</span> <span class='ocrx_word' id='word_1_45' title='bbox 1048 698 1126 783; x_wconf 77' lang='lat' dir='ltr'>sinti</span> <span class='ocrx_word' id='word_1_46' title='bbox 1161 679 1171 772; x_wconf 25' lang='lat'>¹..</span> 
     </span>
     <span class='ocr_line' id='line_1_7' title="bbox 138 813 1128 913; baseline 0 -26"><span class='ocrx_word' id='word_1_47' title='bbox 138 820 246 887; x_wconf 88' lang='lat' dir='ltr'><strong>Certe</strong></span> <span class='ocrx_word' id='word_1_48' title='bbox 259 814 401 913; x_wconf 87' lang='lat' dir='ltr'>aliquid</span> <span class='ocrx_word' id='word_1_49' title='bbox 416 813 461 884; x_wconf 87' lang='lat' dir='ltr'>ad</span> <span class='ocrx_word' id='word_1_50' title='bbox 476 838 623 886; x_wconf 89' lang='lat' dir='ltr'>causam</span> <span class='ocrx_word' id='word_1_51' title='bbox 640 815 738 885; x_wconf 86' lang='lat' dir='ltr'>hanc</span> <span class='ocrx_word' id='word_1_52' title='bbox 752 818 900 887; x_wconf 79' lang='lat' dir='ltr'><strong>tertiam</strong></span> <span class='ocrx_word' id='word_1_53' title='bbox 917 818 1128 890; x_wconf 72' lang='lat' dir='ltr'>attinentia·</span> 
     </span>
     <span class='ocr_line' id='line_1_8' title="bbox 138 931 1128 1032; baseline 0.004 -29"><span class='ocrx_word' id='word_1_54' title='bbox 138 933 238 1005; x_wconf 88' lang='lat' dir='ltr'>dicat</span> <span class='ocrx_word' id='word_1_55' title='bbox 253 933 407 1005; x_wconf 87' lang='lat' dir='ltr'>Littrius</span> <span class='ocrx_word' id='word_1_56' title='bbox 425 931 504 1029; x_wconf 84' lang='lat'>(1),</span> <span class='ocrx_word' id='word_1_57' title='bbox 522 931 590 1003; x_wconf 91' lang='lat' dir='ltr'>ubi</span> <span class='ocrx_word' id='word_1_58' title='bbox 605 959 626 1003; x_wconf 84' lang='lat' dir='ltr'>a</span> <span class='ocrx_word' id='word_1_59' title='bbox 644 932 764 1004; x_wconf 91' lang='lat' dir='ltr'>nobili</span> <span class='ocrx_word' id='word_1_60' title='bbox 780 933 842 1004; x_wconf 88' lang='lat' dir='ltr'>illa</span> <span class='ocrx_word' id='word_1_61' title='bbox 860 933 1030 1023; x_wconf 80' lang='lat' dir='ltr'>femina,</span> <span class='ocrx_word' id='word_1_62' title='bbox 1045 936 1128 1032; x_wconf 80' lang='lat' dir='ltr'>cuju</span> 
     </span>
     <span class='ocr_line' id='line_1_9' title="bbox 137 1050 1129 1151; baseline 0.003 -29"><span class='ocrx_word' id='word_1_63' title='bbox 137 1050 270 1125; x_wconf 87' lang='lat' dir='ltr'>hernia</span> <span class='ocrx_word' id='word_1_64' title='bbox 300 1051 373 1123; x_wconf 90' lang='lat' dir='ltr'>coli</span> <span class='ocrx_word' id='word_1_65' title='bbox 399 1052 616 1150; x_wconf 88' lang='lat' dir='ltr'>portionem</span> <span class='ocrx_word' id='word_1_66' title='bbox 646 1051 949 1143; x_wconf 82' lang='lat' dir='ltr'>intercludebat,</span> <span class='ocrx_word' id='word_1_67' title='bbox 980 1053 1129 1151; x_wconf 82' lang='lat' dir='ltr'>conjicit,</span> 
     </span>
     <span class='ocr_line' id='line_1_10' title="bbox 139 1169 1131 1271; baseline 0 -30"><span class='ocrx_word' id='word_1_68' title='bbox 139 1195 208 1241; x_wconf 89' lang='lat' dir='ltr'>cur</span> <span class='ocrx_word' id='word_1_69' title='bbox 228 1170 355 1267; x_wconf 86' lang='lat' dir='ltr'>plura,</span> <span class='ocrx_word' id='word_1_70' title='bbox 387 1185 423 1240; x_wconf 89' lang='lat' dir='ltr'>et</span> <span class='ocrx_word' id='word_1_71' title='bbox 450 1170 581 1267; x_wconf 84' lang='lat' dir='ltr'>saepius</span> <span class='ocrx_word' id='word_1_72' title='bbox 605 1169 822 1258; x_wconf 88' lang='lat' dir='ltr'>interdum,</span> <span class='ocrx_word' id='word_1_73' title='bbox 841 1170 933 1243; x_wconf 86' lang='lat' dir='ltr'>alias</span> <span class='ocrx_word' id='word_1_74' title='bbox 952 1196 1048 1245; x_wconf 87' lang='lat' dir='ltr'>vero</span> <span class='ocrx_word' id='word_1_75' title='bbox 1063 1194 1131 1271; x_wconf 85' lang='lat' dir='ltr'>pau-</span> 
     </span>
     <span class='ocr_line' id='line_1_11' title="bbox 28 1262 1131 1387; baseline -0.001 -27"><span class='ocrx_word' id='word_1_76' title='bbox 28 1262 33 1283; x_wconf 41' lang='lat'><strong>·</strong></span> <span class='ocrx_word' id='word_1_77' title='bbox 140 1290 241 1360; x_wconf 89' lang='lat' dir='ltr'>ciora</span> <span class='ocrx_word' id='word_1_78' title='bbox 258 1302 295 1358; x_wconf 86' lang='lat' dir='ltr'>et</span> <span class='ocrx_word' id='word_1_79' title='bbox 311 1288 434 1359; x_wconf 83' lang='lat' dir='ltr'>rarius</span> <span class='ocrx_word' id='word_1_80' title='bbox 451 1286 715 1383; x_wconf 79' lang='lat' dir='ltr'><strong>dejicerentur.</strong></span> <span class='ocrx_word' id='word_1_81' title='bbox 732 1291 864 1386; x_wconf 88' lang='lat' dir='ltr'><strong>Neque</strong></span> <span class='ocrx_word' id='word_1_82' title='bbox 885 1288 964 1361; x_wconf 88' lang='lat' dir='ltr'>hoc</span> <span class='ocrx_word' id='word_1_83' title='bbox 982 1290 1131 1387; x_wconf 82' lang='lat' dir='ltr'>objicias,</span> 
     </span>
     <span class='ocr_line' id='line_1_12' title="bbox 137 1404 1132 1501; baseline 0.007 -27"><span class='ocrx_word' id='word_1_84' title='bbox 137 1406 177 1474; x_wconf 88' lang='lat' dir='ltr'>in</span> <span class='ocrx_word' id='word_1_85' title='bbox 196 1404 260 1475; x_wconf 89' lang='lat' dir='ltr'>illa</span> <span class='ocrx_word' id='word_1_86' title='bbox 275 1419 422 1492; x_wconf 79' lang='lat' dir='ltr'>tamen,</span> <span class='ocrx_word' id='word_1_87' title='bbox 440 1406 613 1501; x_wconf 88' lang='lat' dir='ltr'>quamvis</span> <span class='ocrx_word' id='word_1_88' title='bbox 631 1405 907 1478; x_wconf 85' lang='lat' dir='ltr'>inflammatum</span> <span class='ocrx_word' id='word_1_89' title='bbox 923 1422 1024 1480; x_wconf 88' lang='lat' dir='ltr'><strong>esset</strong></span> <span class='ocrx_word' id='word_1_90' title='bbox 1042 1410 1132 1481; x_wconf 76' lang='lat' dir='ltr'>inter·</span> 
     </span>
     <span class='ocr_line' id='line_1_13' title="bbox 136 1522 1132 1627; baseline 0.002 -33"><span class='ocrx_word' id='word_1_91' title='bbox 136 1524 279 1609; x_wconf 88' lang='lat' dir='ltr'>tinum,</span> <span class='ocrx_word' id='word_1_92' title='bbox 296 1539 332 1595; x_wconf 89' lang='lat' dir='ltr'>et</span> <span class='ocrx_word' id='word_1_93' title='bbox 353 1522 468 1619; x_wconf 87' lang='lat' dir='ltr'>hujus</span> <span class='ocrx_word' id='word_1_94' title='bbox 487 1526 612 1621; x_wconf 88' lang='lat' dir='ltr'>portio</span> <span class='ocrx_word' id='word_1_95' title='bbox 625 1526 850 1623; x_wconf 88' lang='lat' dir='ltr'>intercepta,</span> <span class='ocrx_word' id='word_1_96' title='bbox 864 1526 978 1624; x_wconf 86' lang='lat' dir='ltr'>plura</span> <span class='ocrx_word' id='word_1_97' title='bbox 989 1550 1132 1627; x_wconf 85' lang='lat' dir='ltr'><strong>semper,</strong></span> 
     </span>
     <span class='ocr_line' id='line_1_14' title="bbox 139 1641 1134 1743; baseline 0.006 -31"><span class='ocrx_word' id='word_1_98' title='bbox 139 1657 203 1712; x_wconf 86' lang='lat' dir='ltr'>aut</span> <span class='ocrx_word' id='word_1_99' title='bbox 223 1642 401 1739; x_wconf 85' lang='lat' dir='ltr'>pauciora</span> <span class='ocrx_word' id='word_1_100' title='bbox 419 1641 502 1713; x_wconf 88' lang='lat' dir='ltr'>illac</span> <span class='ocrx_word' id='word_1_101' title='bbox 516 1644 635 1739; x_wconf 83' lang='lat' dir='ltr'>trajici</span> <span class='ocrx_word' id='word_1_102' title='bbox 654 1645 841 1741; x_wconf 87' lang='lat' dir='ltr'>potuisse,</span> <span class='ocrx_word' id='word_1_103' title='bbox 868 1659 910 1715; x_wconf 90' lang='lat' dir='ltr'>ut</span> <span class='ocrx_word' id='word_1_104' title='bbox 935 1646 977 1715; x_wconf 89' lang='lat' dir='ltr'>in</span> <span class='ocrx_word' id='word_1_105' title='bbox 1003 1670 1046 1717; x_wconf 85' lang='lat' dir='ltr'>ea</span> <span class='ocrx_word' id='word_1_106' title='bbox 1062 1666 1134 1743; x_wconf 75' lang='lat' dir='ltr'>quo</span> 
     </span>
     <span class='ocr_line' id='line_1_15' title="bbox 139 1761 1135 1860; baseline 0.004 -30"><span class='ocrx_word' id='word_1_107' title='bbox 139 1785 214 1857; x_wconf 89' lang='lat' dir='ltr'>que</span> <span class='ocrx_word' id='word_1_108' title='bbox 229 1761 386 1831; x_wconf 87' lang='lat' dir='ltr'>muliere</span> <span class='ocrx_word' id='word_1_109' title='bbox 402 1762 507 1856; x_wconf 88' lang='lat' dir='ltr'>cujus</span> <span class='ocrx_word' id='word_1_110' title='bbox 518 1761 711 1832; x_wconf 83' lang='lat' dir='ltr'>historiam</span> <span class='ocrx_word' id='word_1_111' title='bbox 728 1765 913 1860; x_wconf 85' lang='lat' dir='ltr'>proposui</span> <span class='ocrx_word' id='word_1_112' title='bbox 928 1790 967 1833; x_wconf 85' lang='lat' dir='ltr'>n.</span> <span class='ocrx_word' id='word_1_113' title='bbox 989 1762 1046 1836; x_wconf 83' lang='lat'>15.</span> <span class='ocrx_word' id='word_1_114' title='bbox 1056 1766 1135 1835; x_wconf 80' lang='lat' dir='ltr'>Nam</span> 
     </span>
     <span class='ocr_line' id='line_1_16' title="bbox 140 1878 1137 1978; baseline 0.004 -31"><span class='ocrx_word' id='word_1_115' title='bbox 140 1893 182 1948; x_wconf 92' lang='lat' dir='ltr'>ut</span> <span class='ocrx_word' id='word_1_116' title='bbox 210 1879 379 1949; x_wconf 87' lang='lat' dir='ltr'>omittam</span> <span class='ocrx_word' id='word_1_117' title='bbox 416 1878 532 1950; x_wconf 86' lang='lat' dir='ltr'>alium</span> <span class='ocrx_word' id='word_1_118' title='bbox 566 1880 607 1948; x_wconf 90' lang='lat' dir='ltr'>in</span> <span class='ocrx_word' id='word_1_119' title='bbox 638 1880 719 1952; x_wconf 89' lang='lat' dir='ltr'>aliis</span> <span class='ocrx_word' id='word_1_120' title='bbox 745 1904 824 1952; x_wconf 88' lang='lat' dir='ltr'><strong>esse</strong></span> <span class='ocrx_word' id='word_1_121' title='bbox 852 1903 966 1978; x_wconf 90' lang='lat' dir='ltr'><strong>posse</strong></span> <span class='ocrx_word' id='word_1_122' title='bbox 992 1880 1137 1955; x_wconf 80' lang='lat' dir='ltr'>laesionis</span> 
     </span>
     <span class='ocr_line' id='line_1_17' title="bbox 140 1995 1138 2094; baseline 0.005 -28"><span class='ocrx_word' id='word_1_123' title='bbox 140 1995 318 2094; x_wconf 80' lang='lat' dir='ltr'>gradum,</span> <span class='ocrx_word' id='word_1_124' title='bbox 335 1996 522 2093; x_wconf 88' lang='lat' dir='ltr'>aliamque</span> <span class='ocrx_word' id='word_1_125' title='bbox 538 1998 805 2068; x_wconf 89' lang='lat' dir='ltr'>intestinorum</span> <span class='ocrx_word' id='word_1_126' title='bbox 822 1999 920 2086; x_wconf 86' lang='lat' dir='ltr'>vim,</span> <span class='ocrx_word' id='word_1_127' title='bbox 939 1999 1060 2072; x_wconf 88' lang='lat' dir='ltr'>alium</span> <span class='ocrx_word' id='word_1_128' title='bbox 1071 2021 1138 2073; x_wconf 82' lang='lat' dir='ltr'>aen·</span> 
     </span>
     <span class='ocr_line' id='line_1_18' title="bbox 141 2112 1138 2207; baseline 0.001 -21"><span class='ocrx_word' id='word_1_129' title='bbox 141 2139 246 2202; x_wconf 90' lang='lat' dir='ltr'>sum;</span> <span class='ocrx_word' id='word_1_130' title='bbox 266 2130 366 2186; x_wconf 89' lang='lat' dir='ltr'>certe</span> <span class='ocrx_word' id='word_1_131' title='bbox 381 2117 421 2185; x_wconf 92' lang='lat' dir='ltr'>in</span> <span class='ocrx_word' id='word_1_132' title='bbox 436 2115 508 2186; x_wconf 88' lang='lat' dir='ltr'>illis</span> <span class='ocrx_word' id='word_1_133' title='bbox 524 2112 674 2187; x_wconf 78' lang='lat' dir='ltr'>feminis</span> <span class='ocrx_word' id='word_1_134' title='bbox 691 2115 738 2186; x_wconf 89' lang='lat' dir='ltr'>de</span> <span class='ocrx_word' id='word_1_135' title='bbox 755 2115 842 2187; x_wconf 93' lang='lat' dir='ltr'>colo</span> <span class='ocrx_word' id='word_1_136' title='bbox 863 2139 993 2189; x_wconf 87' lang='lat' dir='ltr'>sermo</span> <span class='ocrx_word' id='word_1_137' title='bbox 1013 2118 1138 2207; x_wconf 81' lang='lat' dir='ltr'>est‚in</span> 
     </span>
     <span class='ocr_line' id='line_1_19' title="bbox 140 2232 1140 2332; baseline 0.006 -30"><span class='ocrx_word' id='word_1_138' title='bbox 140 2232 215 2302; x_wconf 92' lang='lat' dir='ltr'>hoc</span> <span class='ocrx_word' id='word_1_139' title='bbox 241 2247 365 2305; x_wconf 90' lang='lat' dir='ltr'>autem</span> <span class='ocrx_word' id='word_1_140' title='bbox 387 2234 468 2305; x_wconf 86' lang='lat' dir='ltr'>viro</span> <span class='ocrx_word' id='word_1_141' title='bbox 488 2233 535 2303; x_wconf 88' lang='lat' dir='ltr'>de</span> <span class='ocrx_word' id='word_1_142' title='bbox 553 2233 651 2322; x_wconf 90' lang='lat' dir='ltr'>ileo,</span> <span class='ocrx_word' id='word_1_143' title='bbox 677 2233 805 2331; x_wconf 91' lang='lat' dir='ltr'>quod,</span> <span class='ocrx_word' id='word_1_144' title='bbox 831 2259 880 2304; x_wconf 89' lang='lat' dir='ltr'>ne</span> <span class='ocrx_word' id='word_1_145' title='bbox 907 2260 1081 2332; x_wconf 82' lang='lat' dir='ltr'>quaeram</span> <span class='ocrx_word' id='word_1_146' title='bbox 1101 2258 1140 2307; x_wconf 78' lang='lat' dir='ltr'>au</span> 
     </span>
     <span class='ocr_line' id='line_1_20' title="bbox 139 2348 1141 2450; baseline 0.002 -29"><span class='ocrx_word' id='word_1_147' title='bbox 139 2352 316 2424; x_wconf 82' lang='lat' dir='ltr'>acutioris</span> <span class='ocrx_word' id='word_1_148' title='bbox 335 2352 381 2422; x_wconf 89' lang='lat' dir='ltr'>sit</span> <span class='ocrx_word' id='word_1_149' title='bbox 398 2376 544 2439; x_wconf 84' lang='lat' dir='ltr'><strong>sensus,</strong></span> <span class='ocrx_word' id='word_1_150' title='bbox 570 2352 763 2448; x_wconf 82' lang='lat' dir='ltr'>angustius</span> <span class='ocrx_word' id='word_1_151' title='bbox 776 2348 961 2450; x_wconf 82' lang='lat' dir='ltr'>¹profecto</span> <span class='ocrx_word' id='word_1_152' title='bbox 979 2369 1040 2427; x_wconf 86' lang='lat' dir='ltr'>est</span> <span class='ocrx_word' id='word_1_153' title='bbox 1055 2352 1141 2425; x_wconf 84' lang='lat' dir='ltr'>mui-</span> 
     </span>
     <span class='ocr_line' id='line_1_21' title="bbox 139 2467 1151 2569; baseline 0.004 -29"><span class='ocrx_word' id='word_1_154' title='bbox 139 2469 185 2542; x_wconf 87' lang='lat' dir='ltr'>tis</span> <span class='ocrx_word' id='word_1_155' title='bbox 203 2470 375 2569; x_wconf 90' lang='lat' dir='ltr'>partibus</span> <span class='ocrx_word' id='word_1_156' title='bbox 393 2495 508 2566; x_wconf 86' lang='lat' dir='ltr'>quam</span> <span class='ocrx_word' id='word_1_157' title='bbox 530 2467 667 2558; x_wconf 90' lang='lat' dir='ltr'>colon;</span> <span class='ocrx_word' id='word_1_158' title='bbox 686 2484 729 2540; x_wconf 91' lang='lat' dir='ltr'>ut</span> <span class='ocrx_word' id='word_1_159' title='bbox 749 2470 779 2542; x_wconf 90' lang='lat' dir='ltr'>si</span> <span class='ocrx_word' id='word_1_160' title='bbox 797 2469 857 2540; x_wconf 89' lang='lat' dir='ltr'>vel</span> <span class='ocrx_word' id='word_1_161' title='bbox 885 2471 1015 2566; x_wconf 82' lang='lat' dir='ltr'>major</span> <span class='ocrx_word' id='word_1_162' title='bbox 1041 2472 1151 2569; x_wconf 74' lang='lat' dir='ltr'>hujus·</span> 
     </span>
     <span class='ocr_line' id='line_1_22' title="bbox 140 2588 1140 2689; baseline 0.002 -30"><span class='ocrx_word' id='word_1_163' title='bbox 140 2613 253 2686; x_wconf 89' lang='lat' dir='ltr'>quam</span> <span class='ocrx_word' id='word_1_164' title='bbox 271 2589 392 2677; x_wconf 84' lang='lat' dir='ltr'>illius,</span> <span class='ocrx_word' id='word_1_165' title='bbox 407 2588 615 2660; x_wconf 89' lang='lat' dir='ltr'>secundum</span> <span class='ocrx_word' id='word_1_166' title='bbox 628 2588 867 2660; x_wconf 88' lang='lat' dir='ltr'>latitudinem</span> <span class='ocrx_word' id='word_1_167' title='bbox 886 2588 1140 2689; x_wconf 83' lang='lat' dir='ltr'>intercipiatur</span> 
     </span>
     <span class='ocr_line' id='line_1_23' title="bbox 140 2707 1139 2807; baseline -0.002 -31"><span class='ocrx_word' id='word_1_168' title='bbox 140 2709 288 2803; x_wconf 88' lang='lat' dir='ltr'>portio,</span> <span class='ocrx_word' id='word_1_169' title='bbox 320 2707 482 2807; x_wconf 90' lang='lat' dir='ltr'>amplior</span> <span class='ocrx_word' id='word_1_170' title='bbox 501 2708 541 2777; x_wconf 88' lang='lat' dir='ltr'>in</span> <span class='ocrx_word' id='word_1_171' title='bbox 566 2708 651 2779; x_wconf 92' lang='lat' dir='ltr'>colo</span> <span class='ocrx_word' id='word_1_172' title='bbox 673 2707 733 2776; x_wconf 85' lang='lat' dir='ltr'>via</span> <span class='ocrx_word' id='word_1_173' title='bbox 750 2720 889 2793; x_wconf 86' lang='lat' dir='ltr'>restet,</span> <span class='ocrx_word' id='word_1_174' title='bbox 910 2707 1139 2806; x_wconf 84' lang='lat' dir='ltr'>ampliorque</span> 
     </span>
     <span class='ocr_line' id='line_1_24' title="bbox 139 2823 1140 2924; baseline 0 -29"><span class='ocrx_word' id='word_1_175' title='bbox 139 2827 324 2923; x_wconf 87' lang='lat' dir='ltr'>parietum</span> <span class='ocrx_word' id='word_1_176' title='bbox 338 2881 348 2914; x_wconf 86' lang='lat'>‚</span> <span class='ocrx_word' id='word_1_177' title='bbox 362 2828 402 2897; x_wconf 88' lang='lat' dir='ltr'>in</span> <span class='ocrx_word' id='word_1_178' title='bbox 418 2825 555 2924; x_wconf 88' lang='lat' dir='ltr'>quibus</span> <span class='ocrx_word' id='word_1_179' title='bbox 571 2823 823 2923; x_wconf 87' lang='lat' dir='ltr'>promovendi</span> <span class='ocrx_word' id='word_1_180' title='bbox 844 2824 900 2896; x_wconf 84' lang='lat' dir='ltr'>vis</span> <span class='ocrx_word' id='word_1_181' title='bbox 923 2840 1007 2914; x_wconf 88' lang='lat' dir='ltr'>est,</span> <span class='ocrx_word' id='word_1_182' title='bbox 1027 2841 1140 2899; x_wconf 84' lang='lat' dir='ltr'><strong>exten·</strong></span> 
     </span>
     <span class='ocr_line' id='line_1_25' title="bbox 140 2942 1138 3043; baseline -0.002 -29"><span class='ocrx_word' id='word_1_183' title='bbox 140 2944 214 3031; x_wconf 90' lang='lat' dir='ltr'>sio,</span> <span class='ocrx_word' id='word_1_184' title='bbox 233 2960 270 3014; x_wconf 89' lang='lat' dir='ltr'>et</span> <span class='ocrx_word' id='word_1_185' title='bbox 290 2970 373 3015; x_wconf 90' lang='lat' dir='ltr'>cum</span> <span class='ocrx_word' id='word_1_186' title='bbox 394 2944 454 3015; x_wconf 93' lang='lat' dir='ltr'>his</span> <span class='ocrx_word' id='word_1_187' title='bbox 478 2944 680 3043; x_wconf 83' lang='lat' dir='ltr'>ligamenta</span> <span class='ocrx_word' id='word_1_188' title='bbox 695 2943 759 3015; x_wconf 90' lang='lat' dir='ltr'>illa</span> <span class='ocrx_word' id='word_1_189' title='bbox 772 2944 868 3030; x_wconf 87' lang='lat' dir='ltr'>tria,</span> <span class='ocrx_word' id='word_1_190' title='bbox 891 2942 1010 3017; x_wconf 86' lang='lat' dir='ltr'>idest</span> <span class='ocrx_word' id='word_1_191' title='bbox 1035 2942 1138 3017; x_wconf 77' lang='lat' dir='ltr'>fascia</span> 
     </span>
     <span class='ocr_line' id='line_1_26' title="bbox 139 3059 1139 3159; baseline -0.002 -28"><span class='ocrx_word' id='word_1_192' title='bbox 139 3062 392 3148; x_wconf 90' lang='lat' dir='ltr'>musculares‚</span> <span class='ocrx_word' id='word_1_193' title='bbox 418 3086 512 3159; x_wconf 88' lang='lat' dir='ltr'>quas</span> <span class='ocrx_word' id='word_1_194' title='bbox 528 3064 626 3133; x_wconf 88' lang='lat' dir='ltr'>intra</span> <span class='ocrx_word' id='word_1_195' title='bbox 651 3059 837 3157; x_wconf 84' lang='lat' dir='ltr'>ejusmodi</span> <span class='ocrx_word' id='word_1_196' title='bbox 860 3060 1020 3135; x_wconf 77' lang='lat' dir='ltr'>herniae</span> <span class='ocrx_word' id='word_1_197' title='bbox 1033 3062 1139 3134; x_wconf 86' lang='lat' dir='ltr'>inter·</span> 
     </span>
     <span class='ocr_line' id='line_1_27' title="bbox 140 3176 1137 3278; baseline -0.003 -28"><span class='ocrx_word' id='word_1_198' title='bbox 140 3180 233 3278; x_wconf 86' lang='lat' dir='ltr'>cipi,</span> <span class='ocrx_word' id='word_1_199' title='bbox 250 3194 355 3251; x_wconf 88' lang='lat' dir='ltr'>tanto</span> <span class='ocrx_word' id='word_1_200' title='bbox 370 3180 496 3251; x_wconf 91' lang='lat' dir='ltr'>minus</span> <span class='ocrx_word' id='word_1_201' title='bbox 512 3177 715 3251; x_wconf 87' lang='lat' dir='ltr'>verisimile</span> <span class='ocrx_word' id='word_1_202' title='bbox 729 3192 785 3251; x_wconf 87' lang='lat' dir='ltr'>est</span> <span class='ocrx_word' id='word_1_203' title='bbox 797 3194 944 3277; x_wconf 89' lang='lat' dir='ltr'>quanto</span> <span class='ocrx_word' id='word_1_204' title='bbox 961 3176 1137 3251; x_wconf 74' lang='lat' dir='ltr'>difficilior</span> 
     </span>
     <span class='ocr_line' id='line_1_28' title="bbox 140 3294 1134 3393; baseline -0.004 -26"><span class='ocrx_word' id='word_1_205' title='bbox 140 3310 213 3385; x_wconf 81' lang='lat' dir='ltr'>est,</span> <span class='ocrx_word' id='word_1_206' title='bbox 238 3294 292 3367; x_wconf 91' lang='lat' dir='ltr'>ibi</span> <span class='ocrx_word' id='word_1_207' title='bbox 314 3297 431 3367; x_wconf 86' lang='lat' dir='ltr'>laxari</span> <span class='ocrx_word' id='word_1_208' title='bbox 453 3296 527 3369; x_wconf 89' lang='lat' dir='ltr'>coli</span> <span class='ocrx_word' id='word_1_209' title='bbox 548 3296 754 3393; x_wconf 86' lang='lat' dir='ltr'>parietem,</span> <span class='ocrx_word' id='word_1_210' title='bbox 777 3295 844 3367; x_wconf 89' lang='lat' dir='ltr'>ubi</span> <span class='ocrx_word' id='word_1_211' title='bbox 868 3320 1002 3368; x_wconf 88' lang='lat' dir='ltr'>earum</span> <span class='ocrx_word' id='word_1_212' title='bbox 1026 3294 1134 3393; x_wconf 76' lang='lat' dir='ltr'>aliqua</span> 
     </span>
    </p>
   </div>
   <div class='ocr_carea' id='block_1_3' title="bbox 179 3670 551 3749">
    <p class='ocr_par' dir='ltr' id='par_1_3' title="bbox 179 3670 551 3749">
     <span class='ocr_line' id='line_1_29' title="bbox 179 3670 551 3749; baseline -0.005 -20"><span class='ocrx_word' id='word_1_213' title='bbox 179 3672 226 3749; x_wconf 86' lang='lat'>(1)</span> <span class='ocrx_word' id='word_1_214' title='bbox 245 3674 315 3732; x_wconf 82' lang='lat' dir='ltr'>Vid.</span> <span class='ocrx_word' id='word_1_215' title='bbox 335 3692 440 3749; x_wconf 75' lang='lat' dir='ltr'>supra,</span> <span class='ocrx_word' id='word_1_216' title='bbox 457 3692 488 3729; x_wconf 89' lang='lat' dir='ltr'>n.</span> <span class='ocrx_word' id='word_1_217' title='bbox 505 3670 551 3729; x_wconf 87' lang='lat'>16.</span> 
     </span>
    </p>
   </div>
   <div class='ocr_carea' id='block_1_4' title="bbox 0 0 1304 4514">
    <p class='ocr_par' dir='ltr' id='par_1_4' title="bbox 0 0 1304 4514">
     <span class='ocr_line' id='line_1_30' title="bbox 0 0 1304 4514; baseline 0 0"><span class='ocrx_word' id='word_1_218' title='bbox 0 0 1304 4514; x_wconf 95' lang='lat' dir='ltr'> </span> 
     </span>
    </p>
   </div>
  </div>
 </body>
</html>
