2580 4514
688 236 725 305 iit

183 442 252 495 nus.
271 444 327 493 ιιι.
346 445 393 492 nn
409 443 544 492 nonnis
564 443 733 508 vnurnm,
752 444 863 492 misr.
885 445 1038 492 xxx-vui.
1066 421 1142 518 629

136 559 312 631 Willisius
329 557 386 657 (ι)
403 558 470 629 ubi
484 559 523 628 in
539 559 621 628 viro
635 556 772 629 illustri
782 554 915 646 fuisse,
932 559 1000 642 ait,
1019 564 1057 628 in
1071 583 1143 630 me-

138 673 205 745 dio
224 675 351 747 dextri
375 682 473 747 renis
493 681 688 746 cavitatem
705 680 888 772 ingentem
905 700 930 743 a
945 676 1051 772 pelvi
1072 676 1145 747 dis·

137 798 314 881 tinctam,
335 819 454 892 eaque
472 793 589 865 multo
610 792 850 890 ampliorem,
869 813 969 888 aqua
989 790 1148 892 limpida

134 908 352 1006 impletam,
366 935 497 983 renem
519 924 644 980 autem
671 910 863 981 sinistrum
875 909 1006 1006 pians
1020 908 1144 1000 linda-

136 1025 241 1099 .tidas
265 1043 303 1097 et
321 1033 499 1100 cavitates
524 1052 629 1126 aqua
649 1025 815 1124 limpida
843 1024 1003 1124 repletas
1028 1032 1145 1096 coati-

137 1150 270 1216 auisse.
295 1149 328 1217 A
344 1160 567 1218 seruantem
587 1147 626 1216 in
642 1145 848 1217 substantia
860 1169 995 1245 renum
1007 1144 1156 1216 alicubi·

139 1278 337 1335 remorato
352 1265 505 1361 conjicit
521 1265 672 1361 exiguas
685 1264 850 1360 primum
870 1263 1044 1334 cavitates
1060 1259 1147 1333 fuis·

139 1403 179 1451 se
209 1378 445 1470 efformatae,
476 1406 569 1479 quas
596 1379 733 1451 deinde
762 1379 942 1477 paulatim
970 1393 1146 1469 auctum,
1250 1454 1258 1463 ,

139 1499 260 1595 magis
291 1500 485 1598 magisque
512 1498 755 1569 dilataverit:
784 1512 823 1569 et·
844 1496 948 1569 vides
975 1493 1150 1595 profecto

140 1639 277 1710 aquam
305 1615 518 1714 limpidam,
550 1612 866 1713 limpidissimam,
893 1612 1081 1686 tabellam
1107 1615 1148 1684 iu

140 1731 219 1803 illis.
247 1734 368 1804 caveis
394 1757 473 1805 esse
496 1734 698 1804 inventum.
722 1734 801 1804 Nee
830 1756 925 1805 vero.
948 1731 1050 1802 mihi·
1071 1729 1148 1828 (ι),

143 1853 315 1946 quamvis
331 1877 375 1925 ex
392 1850 519 1922 colore
532 1865 646 1948 atque
662 1849 781 1922 odore
792 1851 924 1948 saepius
939 1851 1056 1920 urina
1067 1874 1148 1922 esse

141 1970 220 2040 visa
236 1970 304 2056 sit;
324 1968 484 2041 dubium
510 1985 638 2042 tamen
666 1971 798 2068 saepius
812 2018 815 2023 -
831 1993 986 2065 quoque
1010 1965 1152 2067 defuit,

142 2087 237 2183 quin
259 2089 390 2184 ,potius
409 2087 545 2158 humor
567 2101 666 2159 esset
683 2092 802 2157 utinm
825 2085 1049 2173 simillimus,
1068 2111 1149 2158 non

141 2205 354 2298 ignoranti,
375 2227 497 2274 serum
509 2203 881 2301 sanguinispersaepe
901 2217 965 2273 aut
980 2226 1059 2274 esse
1079 2229 1151 2301 per

143 2345 183 2392 se
202 2319 410 2391 subflavum
423 2373 440 2406 ,.
453 2334 516 2390 aut
533 2344 641 2389 mora
653 2320 692 2389 in
708 2318 916 2390 visceribus
930 2320 1033 2408 fieri3
1049 2335 1149 2394 certe

143 2437 247 2508 haud
264 2463 349 2509 raro
370 2437 601 2524 humorem,
614 2435 882 2533 undecumque
899 2437 930 2508 is
949 2438 1069 2525 sit;‚in
1083 2437 1151 2536 hy·

144 2554 334 2627 datidibus
352 2557 403 2627 sic
416 2554 670 2651 iuveni1·i,(?s);¹
684 2580 729 2625 ex
743 2552 900 2625 renibus
915 2569 1038 2626 autem
1052 2609 1064 2643 ,
1084 2554 1152 2627 ubi

146 2672 289 2745 diutius
303 2675 529 2761 retineatur,
548 2696 658 2769 posse
683 2668 833 2742 trahere
859 2670 940 2741 lotii
971 2671 1156 2764 odorem,

145 2791 333 2888 simulque
349 2790 680 2876 animadvertenti,
700 2788 814 2885 hujus
834 2788 987 2888 quidem
1004 2789 1152 2885 generis

146 2932 274 2981 caveas
308 2933 376 2980 sua.
411 2909 567 2995 intima,
594 2906 764 3004 undique
794 2889 996 2995 uniformi,
1024 2907 1152 2979 tunica

147 3050 228 3099 esse
249 3027 463 3113 conclusas,
479 3018 522 3097 u't
540 3023 682 3095 nullam
699 3030 868 3121 unquam
895 3039 958 3095 aut
975 3024 1070 3094 mihi
1087 3039 1153 3097 aut

146 3143 227 3214 aliis
249 3141 353 3240 quod
374 3144 613 3229 sciam,cum
629 3143 730 3213 renis
742 3141 842 3239 pelvi
854 3155 918 3211 aut
930 3140 1155 3215 tubulisma·
1178 3230 1184 3243 ⁸

147 3257 321 3332 nifestam
338 3260 724 3332 communicationem
733 3260 899 3356 reperire
912 3258 1070 3331 licuerit.
1083 3261 1158 3359 Igi-

146 3393 210 3450 tur
233 3377 337 3475 quod
355 3379 467 3475 longe
485 3377 593 3449 aliter
609 3400 646 3450 se
669 3401 729 3449 res
752 3376 909 3449 haberet
925 3378 965 3448 in
979 3376 1157 3451 observa-
1262 3364 1280 3428 st

189 3754 233 3834 (1)
255 3757 409 3831 Sepulchr.
428 3758 449 3812 l.
467 3777 499 3823 1,
514 3776 537 3813 s.
556 3757 591 3814 13
603 3797 612 3828 ,
624 3757 690 3833 obs.
703 3775 730 3814 1.

192 3873 236 3950 (a)
256 3874 325 3929 tid.
342 3873 471 3931 animnd.
489 3893 579 3949 supra
594 3874 631 3930 ad
645 3893 675 3930 n.
689 3875 728 3949 39
739 3872 861 3930 indicat.

194 3989 238 4068 (3)
258 3991 329 4049 Vid.
343 4009 435 4068 supra
448 4010 479 4046 n.
493 3989 531 4049 35
547 4002 576 4048 et
589 3991 638 4062 37.
