2580 4514
137 329 207 418 408
293 352 339 398 nn
365 349 515 411 simius
536 351 581 398 nr
607 301 971 402 causrs’nonnonnn

137 469 188 537 cit
220 463 353 536 crebra
380 479 493 561 atque
525 478 665 535 attenta
694 463 916 537 fissurarum
949 468 1123 566 utriusque
1180 506 1182 535 t

136 598 201 673 aut
215 581 430 652 alterutrius
449 581 601 653 visceris
618 580 853 671 observatio,
879 585 1017 684 saepius
1036 585 1126 657 inca·

138 697 342 772 daveribus
364 699 676 797 cujusquemodi,
697 725 767 772 nec
786 702 866 774 sine
891 702 1020 800 aliqua
1048 702 1128 775 utili-

136 832 213 889 tate
242 818 544 907 occurrentium,
576 832 619 888 ut
648 818 737 888 alibi
769 817 822 915 (ι)
853 818 1130 917 anobis'serip

135 951 216 1008 tum
236 950 301 1008 est.
316 935 388 1007 Sed
404 937 472 1009 etsi
488 961 566 1007 non
588 937 758 1008 omnium
778 936 889 1009 reddi
909 952 1044 1035 posset
1055 939 1132 1008 ratio

137 1080 220 1152 quae
241 1053 459 1126 dealterius
474 1054 627 1126 visceris
640 1054 851 1152 integritate
880 1077 972 1126 cum
1000 1054 1133 1127 alterins

136 1173 229 1243 vitio
249 1172 451 1268 conjuncta
464 1171 643 1269 legimns3
662 1195 741 1242 non
756 1185 880 1243 essent
898 1171 1058 1243 demum
1072 1170 1133 1242 hac

136 1289 213 1362 sola
232 1315 314 1388 quae
334 1303 468 1387 praeter
486 1289 670 1360 rationem
690 1287 880 1360 interdum
904 1288 1080 1361 accidere
1094 1288 1134 1358 vi·

138 1407 329 1481 derentur.
349 1409 520 1504 Namque
536 1461 546 1495 ,
562 1421 604 1477 ut
615 1430 635 1477 a
646 1407 840 1504 proposita
854 1404 981 1501 bajuli
996 1402 1136 1477 historia

134 1522 239 1595 haud
265 1522 520 1611 discedamus,
549 1537 649 1594 certe
676 1548 755 1594 non
785 1523 872 1594 satis
897 1536 1136 1620 apparetcur

136 1640 232 1711 tanti
257 1639 357 1710 itlius
380 1638 561 1737 ponderis
578 1663 655 1735 qno
671 1641 780 1735 jecur
804 1652 907 1725 erat,
935 1632 1136 1726 molestiam

137 1781 219 1829 non
252 1756 438 1827 sentiret:
465 1738 589 1853 neque
616 1780 684 1827 cur
710 1756 810 1826 inter
842 1757 950 1854 signa
980 1781 1067 1854 quae
1089 1753 1136 1824 alr

138 1873 251 1946 fuisse
278 1871 475 1959 adnotavi,
504 1873 674 1970 quaedam
695 1875 920 1971 praesertim,
944 1872 1035 1945 laeso
1059 1871 1137 1943 adeo

135 1991 329 2089 jecinore,
358 1989 487 2062 abesse
518 2004 683 2087 possent.
704 1990 895 2061 Nimirum·
924 1988 1008 2060 haec
1036 1971 1138 2060 docu-

139 2122 270 2180 mento
290 2122 397 2197 sunt,
416 2132 464 2178 ne
483 2132 721 2206 praepropere
735 2105 974 2205 quibusdam
998 2107 1042 2177 in
1064 2104 1138 2176 casi-

138 2225 211 2298 bus
242 2240 422 2325 negantes
450 2239 515 2298 aut
550 2222 802 2311 affirmantes,
835 2223 1051 2321 quidquam
1084 2246 1139 2322 pro

140 2358 244 2416 certo
259 2344 570 2441 pronunciemus.
591 2346 635 2412 Et
654 2367 742 2414 sane
761 2340 956 2413 interdurn
973 2342 1016 2412 in
1037 2340 1140 2414 medi

139 2461 223 2533 cina
240 2460 411 2558 quaedam
430 2474 635 2531 occurrunt
647 2475 790 2556 quanto
807 2459 851 2532 iis
867 2483 952 2557 quae
967 2459 1088 2532 modo
1100 2472 1142 2530 at·

137 2580 292 2677 tigimus
312 2580 456 2650 rariora
473 2592 510 2650 et
530 2576 778 2664 mirabiliora,
800 2590 908 2647 tanto
926 2578 1051 2675 magis
1068 2601 1142 2650 can·

139 2712 221 2769 tum
241 2696 435 2769 redditura
449 2695 585 2766 medici
603 2675 789 2791 judicium
810 2695 849 2763 in
867 2694 1143 2792 dignoscendo,

139 2830 177 2886 ct
195 2815 302 2912 quod
317 2815 582 2911 consequitur,
601 2817 640 2884 in
659 2802 816 2911 agendo.
832 2815 888 2884 Ex
903 2811 981 2884 illis
997 2811 1097 2901 dno,
1112 2824 1144 2884 ut

121 2932 187 3003 ab
210 2933 290 3006 aliis
311 2933 459 3031 accepi,
474 2947 600 3003 tecum
616 2929 692 3002 hoc
708 2930 795 3001 loco
808 2985 818 3012 ,
833 2953 914 3001 non
931 2928 982 3000 ab
998 2955 1042 3002 re
1057 2912 1143 3002 futu·

140 3047 537 3139 ra,'cornmunicab0;
554 3048 601 3120 ad
620 3063 810 3120 tumorem
831 3048 933 3119 enim
949 3046 1145 3121 laesionem·

141 3193 215 3265 que
243 3168 405 3239 attinent
429 3167 617 3238 viscerum
646 3164 833 3255 duorum,
857 3188 940 3263 quae
966 3166 1008 3236 in
1033 3154 1145 3265 hypo-

142 3283 331 3357 chondrio
358 3285 508 3357 sinistro
535 3299 643 3373 sunt,
669 3284 778 3357 lienis
801 3297 838 3354 et
864 3283 1081 3354 ventriculi.
1099 3285 1145 3353 De

140 3401 240 3472 liene
254 3401 438 3473 Mediavia
449 3418 578 3475 noster
590 3403 629 3474 in
645 3403 794 3474 vivente
807 3402 974 3499 primum
988 3455 998 3492 ,
1017 3399 1145 3474 deinde

141 3520 238 3590 etin
257 3534 411 3591 mortuo
429 3520 499 3594 sub
521 3518 636 3592 finem
662 3522 752 3590 anni
786 3516 894 3616 1735,
916 3517 995 3590 hoc
1026 3517 1145 3591 obser

140 3653 248 3709 vavlt.

182 3895 226 3974 (ι)
247 3895 343 3974 Epist.
358 3909 436 3954 anat.
454 3918 484 3971 1,
500 3917 530 3952 n.
546 3895 593 3954 35.
