2580 4514
139 353 204 428 152
298 380 344 426 us
370 376 516 425 sturnus
544 379 588 425 ur
612 377 736 426 caus1s
761 376 972 425 nonnosum
1080 382 1083 389 ·

135 493 288 590 adiposa
308 489 639 590 deprehenderunt
653 491 805 588 Tulpius
826 489 880 586 (i)
895 544 905 578 ‚
919 514 964 561 ac
980 488 1118 586 Stalpar·

136 611 208 680 tius
232 609 304 706 (2),
320 633 398 678 non
423 607 557 679 desunt
573 608 644 677 viri
663 605 765 678 docti
779 608 846 704 qui
858 605 1003 705 procul
1022 603 1116 677 dnbio

136 726 353 824 provenisse
374 724 534 796 doceant
549 749 595 795 ex
609 748 651 795 ea
669 723 900 822 pinguedine
912 748 997 821 quae
1009 723 1049 793 in
1061 719 1118 793 cel·

138 842 258 914 lnlosa
286 857 341 914 est
366 841 845 912 exterioreintestinorum
875 841 1015 913 tunica.
1046 834 1120 909 Mihi

136 984 226 1030 vero
244 958 309 1030 ubi
326 959 430 1030 uulla
444 1012 453 1042 ,
467 960 559 1029 utin
575 959 620 1029 iis
635 957 801 1046 casibus,
815 973 880 1030 aut
894 955 1051 1030 tabificae
1063 952 1119 1025 eol·

138 1077 354 1174 liquationis
371 1076 535 1173 suspicio
556 1076 622 1158 sit,
639 1089 702 1146 aut
724 1072 922 1173 profundae
944 1072 1121 1145 intestino·

135 1217 222 1264 rum
248 1193 554 1281 exulcerationis3
571 1193 696 1264 minus
714 1190 927 1290 displicebit
944 1215 1033 1263 cum
1050 1187 1122 1260 Stal-

137 1310 281 1407 partio,
300 1325 336 1380 et
364 1335 476 1408 quem
496 1309 559 1381 hic
581 1311 669 1383 citat
686 1309 757 1406 (3),
779 1309 929 1381 Rivcrio
955 1304 1123 1404 ejusmodi

138 1428 299 1524 pingues
315 1425 543 1521 dejectiones
559 1451 579 1497 a
597 1426 802 1525 pinguibus
824 1425 962 1524 largius
983 1423 1122 1497 devon-

138 1545 204 1632 tis,
223 1569 347 1640 neque
370 1541 571 1633 confectis,
590 1560 779 1642 repetere3
806 1559 897 1616 tunc
917 1567 938 1614 a
958 1541 1122 1614 cellulosa
1170 1608 1172 1615 .

139 1659 201 1731 illa
224 1685 343 1757 usque
368 1663 494 1733 tunica
522 1663 764 1759 repetiturus,
794 1686 880 1732 cum
904 1660 1034 1732 ulcera
1058 1680 1122 1730 esse
1170 1654 1172 1675 ²

141 1801 340 1874 agnoscam
358 1802 440 1874 quae
460 1778 682 1876 pinguedini
698 1777 841 1849 aditum
855 1779 895 1848 in
925 1802 1058 1849 cavum
1082 1777 1125 1845 in·

140 1894 364 1966 testinorum
382 1896 565 1992 aperiant,
582 1896 613 1968 si
632 1895 747 1966 modo
763 1894 843 1966 haec
858 1896 1018 1993 inpuris
1033 1910 1125 1976 tunc,

142 2025 205 2081 aut
221 2009 361 2082 ichoris
380 2012 536 2083 modum
552 2037 631 2084 non
645 2011 813 2110 prodeat.
832 2011 904 2082 Sed
918 2012 1008 2108 quia
1022 2009 1126 2082 multo

142 2129 280 2216 rarius,
294 2154 336 2199 ac
357 2129 498 2201 tardius
515 2131 553 2200 in
571 2128 781 2226 'dysenteria
797 2129 973 2201 intestina
995 2127 1128 2199 exulce-

143 2260 290 2333 rantur,
301 2271 413 2343 quam
427 2246 511 2318 alba
523 2249 591 2318 ista
603 2271 685 2344 quse
698 2244 890 2344 pinguedo
902 2245 1129 2328 credebatur,

143 2364 295 2434 materia
325 2380 519 2462 appareat;
550 2363 641 2461 quid
667 2365 780 2462 igitur
807 2366 925 2463 ipsam
952 2388 1052 2452 esse,
1080 2374 1132 2434 aut

144 2479 246 2551 unde
273 2478 464 2554 dicemus?
493 2482 678 2552 Nimirum
707 2505 915 2569 mucosum,
945 2495 990 2551 ut
1015 2481 1135 2553 Celsus

144 2622 314 2695 quoque,
334 2600 430 2670 sicut
445 2599 559 2697 paulo
572 2615 658 2671 ante
679 2598 909 2685 dictumest,
926 2598 1141 2697 appellarit,

144 2731 182 2786 et
196 2717 362 2787 vocitant
381 2718 629 2805 recentiores,
649 2718 679 2789 si
703 2719 828 2787 minus
854 2739 975 2787 crassa
997 2717 1063 2805 sit,
1081 2728 1142 2787 aut

145 2833 174 2902 si
203 2835 319 2930 magis
360 2834 471 2905 etiam
499 2832 730 2931 polyposam.
761 2833 907 2904 Scilicet
926 2848 969 2904 ut
993 2833 1144 2904 irritata

144 2950 272 3020 vesicae
293 2950 496 3048 glandulae,
509 2952 560 3022 sic
576 2949 758 3049 glandulae
776 2975 931 3048 quoque
945 2951 1139 3022 intestino·

144 3090 230 3138 rum
250 3067 336 3163 plus
356 3081 557 3139 secernunt
576 3068 748 3138 humoris
775 3068 853 3155 sui,
878 3092 1044 3164 eumque
1066 3092 1140 3139 non

146 3183 296 3281 qualem
313 3185 452 3272 solent,
468 3209 553 3255 cum
570 3200 671 3257 recte
680 3185 814 3257 valent.
825 3190 955 3282 Itaque
972 3209 1140 3267 mucosa,

144 3314 181 3372 ct
199 3299 322 3371 albida
338 3300 539 3398 utrobique
557 3318 712 3400 apparet
729 3305 891 3374 materia.
909 3301 1024 3392 Quod
1041 3304 1071 3373 si
1086 3304 1140 3372 in-

146 3441 259 3515 super
286 3442 329 3488 ca
347 3418 386 3489 in
404 3419 583 3516 sanguine
608 3419 801 3517 dispositio
828 3420 892 3508 sit,
914 3433 956 3490 ut
975 3417 1083 3492 facile
1104 3420 1140 3489 in

184 3719 229 3797 (1)
248 3721 321 3778 Obs.
335 3721 411 3777 med.
425 3721 446 3775 1.
463 3720 494 3790 3,
509 3739 535 3776 c.
554 3722 598 3778 18.

185 3817 230 3897 (a)
249 3821 333 3876 Ceut.
353 3839 383 3889 1,
399 3819 463 3874 obs.
476 3818 525 3876 61.

101 3982 103 3987 ,
184 3917 228 3996 (3)
248 3921 284 3975 ln
295 3914 386 3975 schol.
403 3917 473 3975 ibid.
517 3934 520 3939 ’
