<?xml version="1.0" encoding="UTF-8"?>
<!DOCTYPE html PUBLIC "-//W3C//DTD XHTML 1.0 Transitional//EN"
    "http://www.w3.org/TR/xhtml1/DTD/xhtml1-transitional.dtd">
<html xmlns="http://www.w3.org/1999/xhtml" xml:lang="en" lang="en">
 <head>
  <title>
</title>
<meta http-equiv="Content-Type" content="text/html;charset=utf-8" />
  <meta name='ocr-system' content='tesseract 3.04.00' />
  <meta name='ocr-capabilities' content='ocr_page ocr_carea ocr_par ocr_line ocrx_word'/>
</head>
<body>
  <div class='ocr_page' id='page_1' title='image "./desedibusetcaus00adelgoog_0049.png"; bbox 0 0 2580 4514; ppageno 0'>
   <div class='ocr_carea' id='block_1_1' title="bbox 120 349 959 434">
    <p class='ocr_par' dir='ltr' id='par_1_1' title="bbox 120 349 959 434">
     <span class='ocr_line' id='line_1_1' title="bbox 120 349 959 434; baseline -0.005 -17"><span class='ocrx_word' id='word_1_1' title='bbox 120 349 168 434; x_wconf 67' lang='lat' dir='ltr'><strong>qo</strong></span> <span class='ocrx_word' id='word_1_2' title='bbox 285 370 332 416; x_wconf 78' lang='lat' dir='ltr'><strong>nr</strong></span> <span class='ocrx_word' id='word_1_3' title='bbox 358 369 505 417; x_wconf 79' lang='lat' dir='ltr'><strong>surmus</strong></span> <span class='ocrx_word' id='word_1_4' title='bbox 529 370 574 416; x_wconf 83' lang='lat' dir='ltr'><strong>nr</strong></span> <span class='ocrx_word' id='word_1_5' title='bbox 600 366 723 415; x_wconf 78' lang='lat' dir='ltr'><strong>caosrs</strong></span> <span class='ocrx_word' id='word_1_6' title='bbox 749 366 959 414; x_wconf 75' lang='lat' dir='ltr'><strong>moruorum</strong></span> 
     </span>
    </p>
   </div>
   <div class='ocr_carea' id='block_1_2' title="bbox 67 480 1157 3644">
    <p class='ocr_par' dir='ltr' id='par_1_2' title="bbox 67 480 1157 3644">
     <span class='ocr_line' id='line_1_2' title="bbox 119 480 1126 581; baseline -0.002 -25"><span class='ocrx_word' id='word_1_7' title='bbox 119 501 323 581; x_wconf 84' lang='lat' dir='ltr'><strong>utramque</strong></span> <span class='ocrx_word' id='word_1_8' title='bbox 348 485 606 580; x_wconf 86' lang='lat' dir='ltr'><strong>scripserunt,</strong></span> <span class='ocrx_word' id='word_1_9' title='bbox 634 482 882 569; x_wconf 65' lang='lat' dir='ltr'><strong>amtoritate,</strong></span> <span class='ocrx_word' id='word_1_10' title='bbox 904 481 1023 577; x_wconf 85' lang='lat' dir='ltr'><strong>justas</strong></span> <span class='ocrx_word' id='word_1_11' title='bbox 1044 480 1126 554; x_wconf 87' lang='lat' dir='ltr'><strong>illas</strong></span> 
     </span>
     <span class='ocr_line' id='line_1_3' title="bbox 120 598 1126 697; baseline -0.003 -24"><span class='ocrx_word' id='word_1_12' title='bbox 120 626 199 674; x_wconf 85' lang='lat' dir='ltr'><strong>esse</strong></span> <span class='ocrx_word' id='word_1_13' title='bbox 219 600 483 673; x_wconf 80' lang='lat' dir='ltr'><strong>existimarent.</strong></span> <span class='ocrx_word' id='word_1_14' title='bbox 510 603 604 672; x_wconf 89' lang='lat' dir='ltr'><strong>Nam</strong></span> <span class='ocrx_word' id='word_1_15' title='bbox 628 598 734 697; x_wconf 91' lang='lat' dir='ltr'><strong>qnod</strong></span> <span class='ocrx_word' id='word_1_16' title='bbox 758 598 915 696; x_wconf 91' lang='lat' dir='ltr'><strong>aliquis,</strong></span> <span class='ocrx_word' id='word_1_17' title='bbox 940 599 1049 694; x_wconf 86' lang='lat' dir='ltr'><strong>cujus</strong></span> <span class='ocrx_word' id='word_1_18' title='bbox 1076 622 1126 670; x_wconf 86' lang='lat' dir='ltr'><strong>ne</strong></span> 
     </span>
     <span class='ocr_line' id='line_1_4' title="bbox 121 715 1127 817; baseline -0.004 -27"><span class='ocrx_word' id='word_1_19' title='bbox 121 743 262 792; x_wconf 89' lang='lat' dir='ltr'><strong>nomen</strong></span> <span class='ocrx_word' id='word_1_20' title='bbox 285 718 438 816; x_wconf 92' lang='lat' dir='ltr'><strong>quidem</strong></span> <span class='ocrx_word' id='word_1_21' title='bbox 454 719 558 790; x_wconf 91' lang='lat' dir='ltr'><strong>volui</strong></span> <span class='ocrx_word' id='word_1_22' title='bbox 576 743 761 817; x_wconf 76' lang='lat' dir='ltr'>quaerere,</span> <span class='ocrx_word' id='word_1_23' title='bbox 781 715 845 788; x_wconf 90' lang='lat' dir='ltr'><strong>sed</strong></span> <span class='ocrx_word' id='word_1_24' title='bbox 865 715 958 787; x_wconf 93' lang='lat' dir='ltr'><strong>illud</strong></span> <span class='ocrx_word' id='word_1_25' title='bbox 975 731 1127 788; x_wconf 86' lang='lat' dir='ltr'><strong>tantum</strong></span> 
     </span>
     <span class='ocr_line' id='line_1_5' title="bbox 117 832 1126 935; baseline -0.005 -24"><span class='ocrx_word' id='word_1_26' title='bbox 117 861 212 911; x_wconf 85' lang='lat' dir='ltr'><strong>uum</strong></span> <span class='ocrx_word' id='word_1_27' title='bbox 231 832 329 909; x_wconf 66' lang='lat' dir='ltr'><strong>forte</strong></span> <span class='ocrx_word' id='word_1_28' title='bbox 345 861 366 907; x_wconf 91' lang='lat' dir='ltr'><strong>a</strong></span> <span class='ocrx_word' id='word_1_29' title='bbox 382 861 464 924; x_wconf 91' lang='lat' dir='ltr'><strong>me,</strong></span> <span class='ocrx_word' id='word_1_30' title='bbox 484 836 591 935; x_wconf 93' lang='lat' dir='ltr'><strong>quod</strong></span> <span class='ocrx_word' id='word_1_31' title='bbox 604 848 808 934; x_wconf 81' lang='lat' dir='ltr'><strong>negarunt,</strong></span> <span class='ocrx_word' id='word_1_32' title='bbox 821 849 1070 932; x_wconf 89' lang='lat' dir='ltr'><strong>provocatum</strong></span> <span class='ocrx_word' id='word_1_33' title='bbox 1087 859 1126 906; x_wconf 89' lang='lat' dir='ltr'><strong>se</strong></span> 
     </span>
     <span class='ocr_line' id='line_1_6' title="bbox 118 952 1128 1051; baseline -0.002 -26"><span class='ocrx_word' id='word_1_34' title='bbox 118 967 244 1051; x_wconf 88' lang='lat' dir='ltr'><strong>posset</strong></span> <span class='ocrx_word' id='word_1_35' title='bbox 274 953 425 1042; x_wconf 82' lang='lat' dir='ltr'><strong>dicere3</strong></span> <span class='ocrx_word' id='word_1_36' title='bbox 455 953 588 1051; x_wconf 90' lang='lat' dir='ltr'><strong>quod,</strong></span> <span class='ocrx_word' id='word_1_37' title='bbox 612 955 768 1050; x_wconf 90' lang='lat' dir='ltr'><strong>inquam</strong></span> <span class='ocrx_word' id='word_1_38' title='bbox 792 952 966 1048; x_wconf 83' lang='lat' dir='ltr'><strong>,aliquis</strong></span> <span class='ocrx_word' id='word_1_39' title='bbox 997 952 1128 1040; x_wconf 87' lang='lat' dir='ltr'><strong>nescio</strong></span> 
     </span>
     <span class='ocr_line' id='line_1_7' title="bbox 118 1067 1129 1170; baseline -0.001 -29"><span class='ocrx_word' id='word_1_40' title='bbox 118 1071 270 1169; x_wconf 85' lang='lat' dir='ltr'><strong>ineptus</strong></span> <span class='ocrx_word' id='word_1_41' title='bbox 291 1071 429 1170; x_wconf 85' lang='lat' dir='ltr'><strong>magis,</strong></span> <span class='ocrx_word' id='word_1_42' title='bbox 455 1095 503 1143; x_wconf 88' lang='lat' dir='ltr'><strong>an</strong></span> <span class='ocrx_word' id='word_1_43' title='bbox 528 1072 707 1167; x_wconf 89' lang='lat' dir='ltr'><strong>iniquus,</strong></span> <span class='ocrx_word' id='word_1_44' title='bbox 730 1071 838 1140; x_wconf 91' lang='lat' dir='ltr'><strong>annis</strong></span> <span class='ocrx_word' id='word_1_45' title='bbox 866 1067 1129 1166; x_wconf 89' lang='lat' dir='ltr'><strong>superioribus</strong></span> 
     </span>
     <span class='ocr_line' id='line_1_8' title="bbox 119 1186 1128 1287; baseline -0.007 -26"><span class='ocrx_word' id='word_1_46' title='bbox 119 1186 215 1261; x_wconf 87' lang='lat' dir='ltr'><strong>mihi</strong></span> <span class='ocrx_word' id='word_1_47' title='bbox 238 1188 359 1262; x_wconf 91' lang='lat' dir='ltr'><strong>dictus</strong></span> <span class='ocrx_word' id='word_1_48' title='bbox 385 1205 440 1261; x_wconf 89' lang='lat' dir='ltr'><strong>est</strong></span> <span class='ocrx_word' id='word_1_49' title='bbox 466 1188 647 1287; x_wconf 77' lang='lat' dir='ltr'><strong>quiddam</strong></span> <span class='ocrx_word' id='word_1_50' title='bbox 672 1188 845 1283; x_wconf 70' lang='lat' dir='ltr'><strong>aliterue</strong></span> <span class='ocrx_word' id='word_1_51' title='bbox 871 1187 1011 1258; x_wconf 92' lang='lat' dir='ltr'><strong>summi</strong></span> <span class='ocrx_word' id='word_1_52' title='bbox 1031 1186 1128 1272; x_wconf 83' lang='lat' dir='ltr'><strong>viri,</strong></span> 
     </span>
     <span class='ocr_line' id='line_1_9' title="bbox 120 1303 1130 1403; baseline -0.006 -26"><span class='ocrx_word' id='word_1_53' title='bbox 120 1304 347 1403; x_wconf 85' lang='lat' dir='ltr'><strong>judicesque</strong></span> <span class='ocrx_word' id='word_1_54' title='bbox 371 1307 499 1378; x_wconf 90' lang='lat' dir='ltr'><strong>idonei</strong></span> <span class='ocrx_word' id='word_1_55' title='bbox 525 1321 779 1392; x_wconf 87' lang='lat' dir='ltr'><strong>censuerunt,</strong></span> <span class='ocrx_word' id='word_1_56' title='bbox 799 1305 847 1376; x_wconf 91' lang='lat' dir='ltr'><strong>de</strong></span> <span class='ocrx_word' id='word_1_57' title='bbox 872 1329 956 1376; x_wconf 90' lang='lat' dir='ltr'><strong>mea</strong></span> <span class='ocrx_word' id='word_1_58' title='bbox 978 1303 1070 1391; x_wconf 82' lang='lat' dir='ltr'><strong>olim</strong></span> <span class='ocrx_word' id='word_1_59' title='bbox 1090 1305 1130 1372; x_wconf 92' lang='lat' dir='ltr'><strong>in</strong></span> 
     </span>
     <span class='ocr_line' id='line_1_10' title="bbox 119 1419 1130 1521; baseline -0.007 -26"><span class='ocrx_word' id='word_1_60' title='bbox 119 1423 306 1521; x_wconf 92' lang='lat' dir='ltr'><strong>quosdam</strong></span> <span class='ocrx_word' id='word_1_61' title='bbox 332 1423 450 1496; x_wconf 87' lang='lat' dir='ltr'><strong>libros</strong></span> <span class='ocrx_word' id='word_1_62' title='bbox 473 1424 683 1496; x_wconf 85' lang='lat' dir='ltr'><strong>necessaria</strong></span> <span class='ocrx_word' id='word_1_63' title='bbox 710 1446 835 1520; x_wconf 87' lang='lat' dir='ltr'><strong>neque</strong></span> <span class='ocrx_word' id='word_1_64' title='bbox 862 1420 1012 1509; x_wconf 86' lang='lat' dir='ltr'><strong>inutili,</strong></span> <span class='ocrx_word' id='word_1_65' title='bbox 1037 1419 1130 1490; x_wconf 82' lang='lat' dir='ltr'><strong>seri-</strong></span> 
     </span>
     <span class='ocr_line' id='line_1_11' title="bbox 119 1536 1132 1637; baseline -0.007 -23"><span class='ocrx_word' id='word_1_66' title='bbox 119 1540 237 1613; x_wconf 86' lang='lat' dir='ltr'><strong>bendi</strong></span> <span class='ocrx_word' id='word_1_67' title='bbox 252 1542 397 1612; x_wconf 86' lang='lat' dir='ltr'><strong>ratione</strong></span> <span class='ocrx_word' id='word_1_68' title='bbox 411 1556 552 1612; x_wconf 87' lang='lat' dir='ltr'><strong>temere</strong></span> <span class='ocrx_word' id='word_1_69' title='bbox 563 1591 572 1628; x_wconf 89' lang='lat'><strong>,</strong></span> <span class='ocrx_word' id='word_1_70' title='bbox 582 1541 840 1637; x_wconf 76' lang='lat' dir='ltr'><strong>injuriosaque</strong></span> <span class='ocrx_word' id='word_1_71' title='bbox 855 1536 1020 1626; x_wconf 80' lang='lat' dir='ltr'><strong>effirtire3</strong></span> <span class='ocrx_word' id='word_1_72' title='bbox 1030 1563 1132 1608; x_wconf 92' lang='lat' dir='ltr'><strong>nun-</strong></span> 
     </span>
     <span class='ocr_line' id='line_1_12' title="bbox 67 1656 1133 1758; baseline -0.001 -30"><span class='ocrx_word' id='word_1_73' title='bbox 67 1662 97 1721; x_wconf 23' lang='grc' dir='ltr'><em>Ἀ</em></span> <span class='ocrx_word' id='word_1_74' title='bbox 126 1683 239 1756; x_wconf 93' lang='lat' dir='ltr'><strong>quam</strong></span> <span class='ocrx_word' id='word_1_75' title='bbox 250 1659 475 1756; x_wconf 84' lang='lat' dir='ltr'><strong>usqueadeo</strong></span> <span class='ocrx_word' id='word_1_76' title='bbox 489 1659 690 1757; x_wconf 86' lang='lat' dir='ltr'>ineptiam,</span> <span class='ocrx_word' id='word_1_77' title='bbox 703 1673 745 1730; x_wconf 89' lang='lat' dir='ltr'><strong>ut</strong></span> <span class='ocrx_word' id='word_1_78' title='bbox 759 1659 945 1758; x_wconf 76' lang='lat' dir='ltr'><strong>sapientes</strong></span> <span class='ocrx_word' id='word_1_79' title='bbox 957 1656 1133 1727; x_wconf 90' lang='lat' dir='ltr'><strong>homines</strong></span> 
     </span>
     <span class='ocr_line' id='line_1_13' title="bbox 122 1774 1130 1875; baseline -0.003 -29"><span class='ocrx_word' id='word_1_80' title='bbox 122 1774 275 1846; x_wconf 89' lang='lat' dir='ltr'><strong>credam</strong></span> <span class='ocrx_word' id='word_1_81' title='bbox 304 1776 514 1875; x_wconf 84' lang='lat' dir='ltr'><strong>quidquam</strong></span> <span class='ocrx_word' id='word_1_82' title='bbox 546 1792 741 1873; x_wconf 86' lang='lat' dir='ltr'><strong>expectare</strong></span> <span class='ocrx_word' id='word_1_83' title='bbox 771 1774 876 1874; x_wconf 91' lang='lat' dir='ltr'><strong>quod</strong></span> <span class='ocrx_word' id='word_1_84' title='bbox 909 1774 1130 1872; x_wconf 78' lang='lat' dir='ltr'><strong>reponam:</strong></span> 
     </span>
     <span class='ocr_line' id='line_1_14' title="bbox 123 1892 1134 1993; baseline 0.001 -32"><span class='ocrx_word' id='word_1_85' title='bbox 123 1893 251 1988; x_wconf 88' lang='lat' dir='ltr'><strong>itaque</strong></span> <span class='ocrx_word' id='word_1_86' title='bbox 275 1894 420 1991; x_wconf 84' lang='lat' dir='ltr'><strong>ipsum,</strong></span> <span class='ocrx_word' id='word_1_87' title='bbox 447 1895 605 1993; x_wconf 85' lang='lat' dir='ltr'><strong>ejusque</strong></span> <span class='ocrx_word' id='word_1_88' title='bbox 627 1894 788 1982; x_wconf 78' lang='lat' dir='ltr'><strong>similes,</strong></span> <span class='ocrx_word' id='word_1_89' title='bbox 812 1893 910 1990; x_wconf 91' lang='lat' dir='ltr'><strong>siqui</strong></span> <span class='ocrx_word' id='word_1_90' title='bbox 932 1907 1035 1978; x_wconf 91' lang='lat' dir='ltr'><strong>sunt,</strong></span> <span class='ocrx_word' id='word_1_91' title='bbox 1057 1892 1134 1962; x_wconf 91' lang='lat' dir='ltr'><strong>suis</strong></span> 
     </span>
     <span class='ocr_line' id='line_1_15' title="bbox 126 2009 1134 2108; baseline -0.002 -27"><span class='ocrx_word' id='word_1_92' title='bbox 126 2010 302 2098; x_wconf 85' lang='lat' dir='ltr'><strong>somniis,</strong></span> <span class='ocrx_word' id='word_1_93' title='bbox 321 2032 485 2108; x_wconf 89' lang='lat' dir='ltr'><strong>quorum</strong></span> <span class='ocrx_word' id='word_1_94' title='bbox 504 2011 612 2082; x_wconf 89' lang='lat' dir='ltr'><strong>illum</strong></span> <span class='ocrx_word' id='word_1_95' title='bbox 631 2010 800 2082; x_wconf 83' lang='lat' dir='ltr'><strong>ridiculis</strong></span> <span class='ocrx_word' id='word_1_96' title='bbox 818 2010 930 2080; x_wconf 89' lang='lat' dir='ltr'><strong>audio</strong></span> <span class='ocrx_word' id='word_1_97' title='bbox 951 2009 1134 2080; x_wconf 86' lang='lat' dir='ltr'><strong>delectari</strong></span> 
     </span>
     <span class='ocr_line' id='line_1_16' title="bbox 124 2127 1135 2227; baseline -0.002 -29"><span class='ocrx_word' id='word_1_98' title='bbox 124 2127 517 2226; x_wconf 85' lang='lat' dir='ltr'><strong>interpretationibus,</strong></span> <span class='ocrx_word' id='word_1_99' title='bbox 529 2129 754 2227; x_wconf 88' lang='lat' dir='ltr'><strong>relinquam.</strong></span> <span class='ocrx_word' id='word_1_100' title='bbox 770 2129 903 2225; x_wconf 86' lang='lat' dir='ltr'><strong>Dignis</strong></span> <span class='ocrx_word' id='word_1_101' title='bbox 913 2143 1038 2198; x_wconf 89' lang='lat' dir='ltr'><strong>autem</strong></span> <span class='ocrx_word' id='word_1_102' title='bbox 1050 2127 1135 2224; x_wconf 89' lang='lat' dir='ltr'><strong>qui-</strong></span> 
     </span>
     <span class='ocr_line' id='line_1_17' title="bbox 125 2245 1135 2344; baseline -0.003 -27"><span class='ocrx_word' id='word_1_103' title='bbox 125 2245 197 2317; x_wconf 89' lang='lat' dir='ltr'><strong>bus</strong></span> <span class='ocrx_word' id='word_1_104' title='bbox 211 2246 463 2344; x_wconf 87' lang='lat' dir='ltr'><strong>respondeam</strong></span> <span class='ocrx_word' id='word_1_105' title='bbox 478 2247 586 2338; x_wconf 91' lang='lat' dir='ltr'><strong>viris,</strong></span> <span class='ocrx_word' id='word_1_106' title='bbox 605 2248 636 2318; x_wconf 90' lang='lat' dir='ltr'><strong>si</strong></span> <span class='ocrx_word' id='word_1_107' title='bbox 652 2247 869 2317; x_wconf 88' lang='lat' dir='ltr'><strong>humaniter</strong></span> <span class='ocrx_word' id='word_1_108' title='bbox 890 2245 1017 2342; x_wconf 89' lang='lat' dir='ltr'><strong>aliqua</strong></span> <span class='ocrx_word' id='word_1_109' title='bbox 1039 2245 1135 2315; x_wconf 92' lang='lat' dir='ltr'><strong>mihi</strong></span> 
     </span>
     <span class='ocr_line' id='line_1_18' title="bbox 126 2362 1157 2463; baseline 0 -29"><span class='ocrx_word' id='word_1_110' title='bbox 126 2362 306 2460; x_wconf 89' lang='lat' dir='ltr'><strong>objiciant</strong></span> <span class='ocrx_word' id='word_1_111' title='bbox 333 2366 480 2463; x_wconf 86' lang='lat' dir='ltr'><strong>(atque</strong></span> <span class='ocrx_word' id='word_1_112' title='bbox 505 2365 650 2435; x_wconf 89' lang='lat' dir='ltr'><strong>utinam</strong></span> <span class='ocrx_word' id='word_1_113' title='bbox 674 2389 722 2436; x_wconf 89' lang='lat' dir='ltr'><strong>ne</strong></span> <span class='ocrx_word' id='word_1_114' title='bbox 748 2365 866 2436; x_wconf 85' lang='lat' dir='ltr'><strong>multa</strong></span> <span class='ocrx_word' id='word_1_115' title='bbox 902 2378 1026 2435; x_wconf 85' lang='lat' dir='ltr'><strong>essent</strong></span> <span class='ocrx_word' id='word_1_116' title='bbox 1052 2388 1157 2459; x_wconf 83' lang='lat' dir='ltr'><strong>quae,</strong></span> 
     </span>
     <span class='ocr_line' id='line_1_19' title="bbox 127 2479 1138 2580; baseline 0.003 -29"><span class='ocrx_word' id='word_1_117' title='bbox 127 2479 245 2576; x_wconf 85' lang='lat' dir='ltr'><strong>objici</strong></span> <span class='ocrx_word' id='word_1_118' title='bbox 261 2497 417 2580; x_wconf 83' lang='lat' dir='ltr'><strong>possent</strong></span> <span class='ocrx_word' id='word_1_119' title='bbox 433 2481 449 2578; x_wconf 87' lang='lat'><em>)</em></span> <span class='ocrx_word' id='word_1_120' title='bbox 465 2481 587 2556; x_wconf 89' lang='lat' dir='ltr'><strong>libens</strong></span> <span class='ocrx_word' id='word_1_121' title='bbox 608 2507 774 2580; x_wconf 84' lang='lat' dir='ltr'><strong>semper,</strong></span> <span class='ocrx_word' id='word_1_122' title='bbox 797 2484 826 2554; x_wconf 90' lang='lat' dir='ltr'><strong>si</strong></span> <span class='ocrx_word' id='word_1_123' title='bbox 850 2507 928 2553; x_wconf 90' lang='lat' dir='ltr'><strong>non</strong></span> <span class='ocrx_word' id='word_1_124' title='bbox 951 2481 1081 2569; x_wconf 89' lang='lat' dir='ltr'><strong>aliter,</strong></span> <span class='ocrx_word' id='word_1_125' title='bbox 1100 2494 1138 2554; x_wconf 84' lang='lat' dir='ltr'><strong>at</strong></span> 
     </span>
     <span class='ocr_line' id='line_1_20' title="bbox 125 2597 1137 2698; baseline 0.001 -28"><span class='ocrx_word' id='word_1_126' title='bbox 125 2598 428 2672; x_wconf 85' lang='lat' dir='ltr'><strong>modestiacerte</strong></span> <span class='ocrx_word' id='word_1_127' title='bbox 439 2599 697 2698; x_wconf 89' lang='lat' dir='ltr'><strong>responsionis</strong></span> <span class='ocrx_word' id='word_1_128' title='bbox 713 2597 944 2672; x_wconf 87' lang='lat' dir='ltr'><strong>satisfaciam.</strong></span> <span class='ocrx_word' id='word_1_129' title='bbox 964 2603 1075 2671; x_wconf 86' lang='lat' dir='ltr'><strong>Nunc</strong></span> <span class='ocrx_word' id='word_1_130' title='bbox 1089 2598 1137 2671; x_wconf 90' lang='lat' dir='ltr'><strong>ad</strong></span> 
     </span>
     <span class='ocr_line' id='line_1_21' title="bbox 125 2716 1139 2817; baseline 0 -29"><span class='ocrx_word' id='word_1_131' title='bbox 125 2718 729 2816; x_wconf 78' lang='lat' dir='ltr'><strong>propositumrevertens,praeter</strong></span> <span class='ocrx_word' id='word_1_132' title='bbox 742 2717 939 2817; x_wconf 86' lang='lat' dir='ltr'><strong>glandulas</strong></span> <span class='ocrx_word' id='word_1_133' title='bbox 949 2716 1139 2805; x_wconf 85' lang='lat' dir='ltr'><strong>dorsales,</strong></span> 
     </span>
     <span class='ocr_line' id='line_1_22' title="bbox 127 2834 1136 2936; baseline 0.001 -32"><span class='ocrx_word' id='word_1_134' title='bbox 127 2860 327 2931; x_wconf 87' lang='lat' dir='ltr'><strong>aquarum</strong></span> <span class='ocrx_word' id='word_1_135' title='bbox 344 2838 532 2936; x_wconf 84' lang='lat' dir='ltr'><strong>turgentia</strong></span> <span class='ocrx_word' id='word_1_136' title='bbox 548 2841 767 2936; x_wconf 84' lang='lat' dir='ltr'><strong>Mangetnm</strong></span> <span class='ocrx_word' id='word_1_137' title='bbox 784 2834 1136 2934; x_wconf 89' lang='lat' dir='ltr'><strong>quoque-coalitum</strong></span> 
     </span>
     <span class='ocr_line' id='line_1_23' title="bbox 96 2952 1136 3052; baseline 0.006 -35"><span class='ocrx_word' id='word_1_138' title='bbox 96 3012 100 3017; x_wconf 92' lang='lat'>.</span> <span class='ocrx_word' id='word_1_139' title='bbox 128 2953 221 3051; x_wconf 80' lang='lat' dir='ltr'><strong>gulae</strong></span> <span class='ocrx_word' id='word_1_140' title='bbox 241 2953 397 3043; x_wconf 90' lang='lat' dir='ltr'><strong>vidisse,</strong></span> <span class='ocrx_word' id='word_1_141' title='bbox 414 2953 721 3052; x_wconf 81' lang='lat' dir='ltr'><strong>Manchartus(1)</strong></span> <span class='ocrx_word' id='word_1_142' title='bbox 733 2969 937 3042; x_wconf 91' lang='lat' dir='ltr'><strong>memorat,</strong></span> <span class='ocrx_word' id='word_1_143' title='bbox 955 2952 1044 3025; x_wconf 90' lang='lat' dir='ltr'><strong>alias</strong></span> <span class='ocrx_word' id='word_1_144' title='bbox 1057 2977 1136 3025; x_wconf 91' lang='lat' dir='ltr'><strong>esse</strong></span> 
     </span>
     <span class='ocr_line' id='line_1_24' title="bbox 127 3070 1137 3169; baseline 0.001 -28"><span class='ocrx_word' id='word_1_145' title='bbox 127 3070 228 3161; x_wconf 89' lang='lat' dir='ltr'><strong>dico,</strong></span> <span class='ocrx_word' id='word_1_146' title='bbox 244 3096 322 3141; x_wconf 91' lang='lat' dir='ltr'><strong>non</strong></span> <span class='ocrx_word' id='word_1_147' title='bbox 340 3095 489 3169; x_wconf 89' lang='lat' dir='ltr'><strong>semper</strong></span> <span class='ocrx_word' id='word_1_148' title='bbox 503 3075 724 3146; x_wconf 89' lang='lat' dir='ltr'><strong>anatomicis</strong></span> <span class='ocrx_word' id='word_1_149' title='bbox 737 3087 979 3145; x_wconf 85' lang='lat' dir='ltr'><strong>occurrentes</strong></span> <span class='ocrx_word' id='word_1_150' title='bbox 992 3098 1001 3159; x_wconf 90' lang='lat'>;</span> <span class='ocrx_word' id='word_1_151' title='bbox 1016 3096 1137 3167; x_wconf 87' lang='lat' dir='ltr'><strong>quan·</strong></span> 
     </span>
     <span class='ocr_line' id='line_1_25' title="bbox 130 3187 1135 3292; baseline 0.002 -33"><span class='ocrx_word' id='word_1_152' title='bbox 130 3214 243 3285; x_wconf 92' lang='lat' dir='ltr'><strong>quam</strong></span> <span class='ocrx_word' id='word_1_153' title='bbox 256 3213 327 3260; x_wconf 89' lang='lat' dir='ltr'><strong>nec</strong></span> <span class='ocrx_word' id='word_1_154' title='bbox 339 3187 506 3262; x_wconf 88' lang='lat' dir='ltr'><strong>dorsales</strong></span> <span class='ocrx_word' id='word_1_155' title='bbox 519 3216 668 3292; x_wconf 81' lang='lat' dir='ltr'><strong>semper</strong></span> <span class='ocrx_word' id='word_1_156' title='bbox 678 3206 897 3280; x_wconf 87' lang='lat' dir='ltr'><strong>occurrunt;</strong></span> <span class='ocrx_word' id='word_1_157' title='bbox 908 3192 985 3260; x_wconf 91' lang='lat' dir='ltr'><strong>imo</strong></span> <span class='ocrx_word' id='word_1_158' title='bbox 996 3192 1135 3286; x_wconf 91' lang='lat' dir='ltr'><strong>potius,</strong></span> 
     </span>
     <span class='ocr_line' id='line_1_26' title="bbox 125 3306 1134 3408; baseline 0.002 -32"><span class='ocrx_word' id='word_1_159' title='bbox 125 3320 189 3377; x_wconf 91' lang='lat' dir='ltr'><strong>aut</strong></span> <span class='ocrx_word' id='word_1_160' title='bbox 218 3307 348 3379; x_wconf 88' lang='lat' dir='ltr'><strong>saltem</strong></span> <span class='ocrx_word' id='word_1_161' title='bbox 377 3308 519 3406; x_wconf 84' lang='lat' dir='ltr'><strong>saepius.</strong></span> <span class='ocrx_word' id='word_1_162' title='bbox 539 3311 759 3399; x_wconf 85' lang='lat' dir='ltr'><strong>morbosas,</strong></span> <span class='ocrx_word' id='word_1_163' title='bbox 778 3336 861 3408; x_wconf 73' lang='lat' dir='ltr'><strong>quaa</strong></span> <span class='ocrx_word' id='word_1_164' title='bbox 883 3306 1007 3378; x_wconf 88' lang='lat' dir='ltr'><strong>facere</strong></span> <span class='ocrx_word' id='word_1_165' title='bbox 1032 3306 1134 3378; x_wconf 90' lang='lat' dir='ltr'><strong>idem</strong></span> 
     </span>
     <span class='ocr_line' id='line_1_27' title="bbox 123 3424 1134 3522; baseline 0.002 -27"><span class='ocrx_word' id='word_1_166' title='bbox 123 3439 296 3521; x_wconf 81' lang='lat' dir='ltr'><strong>possent,</strong></span> <span class='ocrx_word' id='word_1_167' title='bbox 314 3440 357 3495; x_wconf 91' lang='lat' dir='ltr'><strong>ut</strong></span> <span class='ocrx_word' id='word_1_168' title='bbox 371 3450 454 3522; x_wconf 86' lang='lat' dir='ltr'><strong>quae</strong></span> <span class='ocrx_word' id='word_1_169' title='bbox 467 3426 514 3497; x_wconf 92' lang='lat' dir='ltr'><strong>ab</strong></span> <span class='ocrx_word' id='word_1_170' title='bbox 529 3428 662 3500; x_wconf 88' lang='lat' dir='ltr'><strong>eodem</strong></span> <span class='ocrx_word' id='word_1_171' title='bbox 674 3428 896 3499; x_wconf 88' lang='lat' dir='ltr'><strong>Maucharto</strong></span> <span class='ocrx_word' id='word_1_172' title='bbox 906 3424 961 3521; x_wconf 85' lang='lat'><strong>(2)</strong></span> <span class='ocrx_word' id='word_1_173' title='bbox 972 3426 1134 3522; x_wconf 90' lang='lat' dir='ltr'><strong>propius</strong></span> 
     </span>
     <span class='ocr_line' id='line_1_28' title="bbox 121 3539 1134 3644; baseline 0.004 -33"><span class='ocrx_word' id='word_1_174' title='bbox 121 3540 317 3639; x_wconf 82' lang='lat' dir='ltr'><strong>oesophagi</strong></span> <span class='ocrx_word' id='word_1_175' title='bbox 339 3539 476 3632; x_wconf 89' lang='lat' dir='ltr'><strong>finem,</strong></span> <span class='ocrx_word' id='word_1_176' title='bbox 506 3561 542 3616; x_wconf 88' lang='lat' dir='ltr'><strong>et</strong></span> <span class='ocrx_word' id='word_1_177' title='bbox 563 3546 610 3618; x_wconf 90' lang='lat' dir='ltr'><strong>ad</strong></span> <span class='ocrx_word' id='word_1_178' title='bbox 629 3548 752 3644; x_wconf 91' lang='lat' dir='ltr'><strong>ipsum</strong></span> <span class='ocrx_word' id='word_1_179' title='bbox 778 3543 894 3616; x_wconf 89' lang='lat' dir='ltr'><strong>finem</strong></span> <span class='ocrx_word' id='word_1_180' title='bbox 922 3558 1134 3639; x_wconf 86' lang='lat' dir='ltr'><strong>conspectae</strong></span> 
     </span>
    </p>
   </div>
   <div class='ocr_carea' id='block_1_3' title="bbox 155 3824 459 3901">
    <p class='ocr_par' dir='ltr' id='par_1_3' title="bbox 155 3824 459 3901">
     <span class='ocr_line' id='line_1_29' title="bbox 155 3824 459 3901; baseline 0.013 -21"><span class='ocrx_word' id='word_1_181' title='bbox 155 3824 199 3901; x_wconf 80' lang='grc' dir='ltr'><strong>(ι)</strong></span> <span class='ocrx_word' id='word_1_182' title='bbox 220 3827 297 3884; x_wconf 89' lang='lat' dir='ltr'><strong>Diss.</strong></span> <span class='ocrx_word' id='word_1_183' title='bbox 317 3829 366 3887; x_wconf 90' lang='lat' dir='ltr'><strong>cit.</strong></span> <span class='ocrx_word' id='word_1_184' title='bbox 383 3835 398 3900; x_wconf 75' lang='lat' dir='ltr'>S</span> <span class='ocrx_word' id='word_1_185' title='bbox 414 3849 459 3888; x_wconf 82' lang='lat'><strong>12.</strong></span> 
     </span>
    </p>
   </div>
   <div class='ocr_carea' id='block_1_4' title="bbox 159 3922 303 4002">
    <p class='ocr_par' dir='ltr' id='par_1_4' title="bbox 159 3922 303 4002">
     <span class='ocr_line' id='line_1_30' title="bbox 159 3922 303 4002; baseline -0.014 -3"><span class='ocrx_word' id='word_1_186' title='bbox 159 3922 203 4002; x_wconf 60' lang='grc' dir='ltr'><strong>(α)</strong></span> <span class='ocrx_word' id='word_1_187' title='bbox 225 3931 303 3996; x_wconf 73' lang='lat' dir='ltr'><strong>su.</strong></span> 
     </span>
    </p>
   </div>
   <div class='ocr_carea' id='block_1_5' title="bbox 0 0 1302 4514">
    <p class='ocr_par' dir='ltr' id='par_1_5' title="bbox 0 0 1302 4514">
     <span class='ocr_line' id='line_1_31' title="bbox 0 0 1302 4514; baseline 0 0"><span class='ocrx_word' id='word_1_188' title='bbox 0 0 1302 4514; x_wconf 95' lang='lat' dir='ltr'><strong> </strong></span> 
     </span>
    </p>
   </div>
  </div>
 </body>
</html>
