2580 4514
141 113 209 162 120
306 112 354 159 ΒΕ
380 111 527 160 sumnus
551 112 596 160 ΕΤ
623 110 748 160 οΑΠ818
772 112 985 161 ΜΟΒΒΟΒΠΙῙ

136 226 331 315 Amultis,
348 240 386 298 et
407 226 447 297 in
464 224 523 298 his
540 224 588 297 ab
602 225 798 300 nonnullis
808 227 864 305 rei
881 225 1066 301 berbariae
1083 248 1140 328 pe·
1182 310 1186 319 ¹

137 345 239 430 ritis,
254 343 620 443 priusquamcrebra
638 345 935 417 contrectatione
954 345 1146 419 decresce·
1191 430 1195 437 ,

136 475 214 548 ret,
230 475 268 531 et
286 484 406 559 prope
422 459 577 533 friabilis
592 458 720 550 fieret,
740 487 826 534 cum
852 462 1057 563 diligenter
1077 464 1151 534 ins·

137 594 247 677 pecta
269 594 384 665 esset;
404 604 518 650 nemo
542 581 714 651 omnium
740 579 810 652 luit
834 583 901 678 qui
926 582 1037 676 cujus
1056 588 1159 654 esset

137 698 285 797 generis
300 695 452 768 diceret.
468 701 651 769 Caeterum
666 700 795 796 virgo,
813 698 876 769 illa
898 701 1039 794 ejecta,
1065 696 1163 770 nul·

137 813 213 886 lam
229 831 358 913 postea
370 816 571 887 ventriculi
588 815 799 887 molestiam
816 819 955 906 sensit3
976 819 1075 915 quin
1095 842 1167 892 co-

110 987 112 991 .
139 931 260 1004 lorem
277 948 314 1005 et
329 958 488 1030 corpus,
507 959 593 1004 cum
609 933 688 1004 haec
703 934 750 1005 ad
768 955 826 1005 me
841 933 967 1006 multis
979 950 1071 1032 post
1084 936 1172 1007 ‹lie-

137 1050 210 1122 bus
237 1050 513 1138 scriberentur,
532 1053 610 1147 jam
638 1049 840 1124 manifesto
869 1052 1085 1151 reparabat.
1104 1057 1174 1123 Ex

138 1194 200 1240 me
222 1184 346 1240 autem
368 1169 630 1264 quaerebatur,
646 1169 798 1267 quidde
814 1170 984 1241 inaudito
1004 1169 1084 1244 hoc
1097 1186 1178 1241 νο*

143 1290 263 1358 initus
282 1311 420 1384 genere
442 1291 632 1359 sentirem.
656 1291 734 1360 Nec
753 1313 846 1359 vero
863 1303 960 1373 erat,
990 1312 1061 1359 cur
1094 1288 1175 1359 hic

141 1405 345 1502 cogitarem
365 1404 466 1475 idem
488 1403 584 1476 forte
608 1407 775 1504 potuisse
795 1404 965 1476 accidere
987 1404 1099 1502 quod
1116 1407 1177 1475 in

24 1519 38 1590 s
143 1523 399 1622 quorumdam
419 1522 767 1611 observationibus,
785 1538 925 1621 utputa
936 1519 1177 1621 Lentilii(1)‚

143 1641 210 1737 qui
232 1640 367 1712 vidisse
389 1666 427 1712 se
446 1634 516 1728 ait,
533 1648 678 1714 uomitu
695 1647 850 1740 rejectas
869 1641 1053 1726 lactucas,
1073 1660 1174 1712 curn

134 1759 301 1853 floribus
312 1766 490 1830 nasturtii
507 1760 639 1846 indici,
656 1762 875 1856 borraginin
886 1782 1079 1844 rosarum,
1094 1782 1175 1828 coe

146 1875 226 1946 lore
252 1901 321 1947 suo
339 1902 479 1974 parum
500 1895 570 1949 aut
587 1876 686 1949 nihil
704 1884 925 1966 immutatis,
947 1900 1043 1973 quos
1067 1891 1173 1946 ante

144 1992 222 2064 dies
252 1995 539 2090 quatuordecim
562 2013 600 2067 et
614 1994 715 2068 ultra
741 1994 879 2066 mulier
904 1993 1174 2065 illustrissima

143 2111 365 2182 comederat.
398 2117 449 2185 Ut
482 2116 583 2185 enim
614 2129 746 2189 caetera
775 2113 1084 2211 praetermittam,
1114 2137 1162 2184 ea

145 2230 252 2327 virgo
274 2230 321 2302 ab
343 2231 547 2303 herbarum
567 2258 633 2304 esu
644 2248 681 2303 et
699 2231 747 2303 ab
760 2231 929 2305 acetariit
944 2244 1080 2303 natura
1095 2229 1170 2303 ab*

142 2346 335 2421 horrebat.
367 2349 599 2422 Alterutrum
628 2350 744 2449 igitur
762 2347 1082 2447 relinquebatur,
1114 2362 1155 2419 ut

146 2464 419 2539 herbiformem
434 2483 500 2539 aut
513 2470 804 2541 excrescentiam
819 2522 828 2556 ,
853 2468 917 2539 aut
934 2466 1121 2564 polypum
1134 2490 1153 2536 o

140 2585 355 2659 ventriculo
381 2587 561 2683 ejecisset.
587 2587 711 2682 Hujus
736 2584 984 2683 praecedentia
1010 2585 1153 2654 incom-

142 2701 278 2791 moda,
311 2718 349 2775 et
380 2704 565 2776 immanes
597 2707 637 2775 in
671 2703 884 2777 emovendo
913 2717 1088 2790 conatus,
1119 2714 1154 2773 et

141 2820 255 2915 ejecti
277 2823 448 2919 corporis
462 2822 757 2920 sanguinolentae
773 2822 888 2908 striae,
909 2835 947 2892 et
961 2818 1073 2893 albus
1094 2843 1153 2890 oo·

141 2937 330 3026 lor-,mam
354 2938 543 3036 quidquid
571 2940 702 3012 viridis
721 2953 817 3029 erat,
834 2938 874 3010 id
893 2935 1006 3008 abile
1023 2936 1153 3009 induci

140 3069 317 3154 potuerat
329 3080 417 3126 cum
427 3057 543 3130 acidis
556 3061 678 3153 succis
691 3060 971 3144 commista3ea',
981 3054 1154 3152 inquam,

140 3175 271 3245 omnia
289 3174 547 3268 conjecturam
566 3176 784 3247 alterutram
805 3170 1033 3246 confirmare
1051 3172 1153 3244 vide·

143 3287 309 3363 bantur:
331 3307 454 3363 utram
479 3311 605 3366 autem
631 3295 738 3391 sequi
762 3304 973 3391 praestaret,
999 3288 1039 3365 id
1064 3312 1152 3361 vero

178 3573 224 3650 (ἰ)
244 3554 317 3635 ild.
325 3578 454 3655 append.
468 3577 508 3635 ad
519 3580 556 3633 A.
575 3597 605 3648 1,
619 3579 683 3661 dec.
700 3579 735 3647 3,
753 3577 828 3654 Eph.
842 3577 880 3634 N.
897 3577 932 3633 C.
944 3575 977 3631 in
988 3542 1096 3650 parall.
1116 3571 1153 3632 ad

140 3674 204 3736 oba.
219 3668 338 3753 panti·
569 3680 574 3689 ’
608 3680 612 3687 ’
769 3680 774 3687 ”
927 3708 931 3714 ·
