2580 4514
191 403 261 453 un.
282 400 339 450 tu.
367 401 414 449 nu
431 398 567 448 uonurs
586 354 754 464 initurus,
776 400 887 447 nr1sr.
910 399 1047 447 xxxvii.
1075 377 1145 478 467

138 542 260 617 quem
279 541 325 588 ex
335 515 511 588 Cornelio
522 518 678 587 Gemma
693 513 893 611 descripsit
905 517 1104 600 Donatus(
1132 517 1150 612 )

139 641 244 708 intus
260 635 506 705 substantiam
521 630 784 704 ostendentem
799 637 919 701 instar
935 638 1018 704 vitri
1025 641 1151 730 pario·

137 758 213 839 ris,
241 765 312 822 aut
325 748 496 841 crystalli
512 746 766 848 pellucidam,
781 747 908 820 multis
920 756 1018 821 striis
1036 766 1150 847 atque

138 869 263 943 radiis
280 873 318 939 in
337 893 452 940 unam
469 881 636 938 centrum
655 867 933 960 confluentibus.
952 866 1048 939 lllud
1069 893 1149 943 sus·

139 988 287 1088 picioni
301 970 466 1070 ¹uidetur
492 984 642 1057 obstare
661 984 767 1082 quod
788 999 885 1057 esset
893 985 1147 1082 praegrandis.

137 1106 216 1179 Sed
225 1120 474 1204 praeterquam
485 1101 590 1201 qnod
600 1098 1018 1192 infrain).indicabitur‚
1034 1128 1149 1200 quan·

136 1239 225 1297 tum
235 1224 380 1322 possint
394 1221 519 1294 hilarii
531 1221 669 1292 ductus
685 1219 851 1307 dilatari,
869 1221 947 1290 imo
960 1237 1148 1317 quantum
1202 1305 1205 1308 .

135 1341 288 1415 inventi
311 1341 384 1413 sint
402 1339 569 1427 dilatati3
590 1354 633 1409 tu
652 1362 738 1409 cum
765 1342 922 1410 Gemma
943 1337 1086 1410 credito
1105 1364 1150 1410 ex
1226 1364 1236 1389 ·-

138 1458 314 1537 diuturni
335 1457 478 1529 doloris
496 1471 533 1528 et
547 1456 730 1528 tensionis
744 1449 832 1527 sede
851 1455 891 1524 in
909 1454 1065 1526 dextero
1083 1456 1149 1527 ilio

141 1575 219 1651 sub
236 1577 348 1650 costis
367 1576 522 1675 spuriis,
542 1576 582 1646 in
601 1599 706 1647 coeco
731 1575 933 1662 intestino,
961 1599 1040 1645 non
1061 1599 1154 1645 con-2

139 1709 290 1767 cretum
316 1693 497 1792 quidem,
520 1708 563 1764 ut
588 1693 669 1789 ipse
696 1691 925 1778 arbitratur,
951 1691 1017 1763 sed
1046 1717 1154 1764 mora
1191 1703 1193 1706 ’

139 1826 298 1885 aunum
317 1812 526 1884 substantia
539 1812 602 1883 illa
612 1810 683 1882 alia
693 1811 877 1883 exteriore
888 1812 1024 1908 partim
1036 1808 1153 1902 fusca,

136 1930 279 2030 partim
291 1944 391 2018 ntra,
407 1930 448 1999 in
467 1953 549 1999 eam
564 1928 704 1999 molem
724 1929 941 2000 excrevisse.
954 1920 1011 2000 Ita
1024 1943 1060 2000 et
1075 1950 1160 2001 mae.

137 2070 263 2147 gnum
282 2048 441 2120 alterurn
468 2071 583 2144 quem
608 2044 788 2118 describit
804 2045 1003 2143 pingitque
1026 2026 1165 2117 Bezolss

138 2162 300 2261 dus(3)‚
315 2165 439 2236 stratis
457 2179 611 2237 auctum
629 2165 669 2234 in
688 2165 747 2233 via
766 2177 920 2259 putato,
934 2186 1017 2260 quoe
1032 2164 1153 2234 multo

139 2285 324 2381 pauciora
354 2298 478 2356 essent
502 2282 571 2355 ubi
601 2296 844 2354 concreverat
865 2279 1018 2352 nucleus
1046 2287 1155 2377 quasi

138 2399 397 2494 crystallinus,
416 2426 529 2499 quem
548 2398 724 2471 videntur
742 2404 876 2471 Icones
890 2423 968 2469 non
981 2399 1060 2471 sine
1073 2400 1155 2496 qui-¹
1257 2465 1263 2470 .

141 2518 309 2593 busdam
326 2520 445 2608 striis,
464 2518 512 2590 ad
532 2519 612 2614 ejus
633 2517 816 2590 ambitum
834 2541 855 2588 a
881 2535 1013 2588 centro
1030 2516 1155 2588 ductis

137 2638 198 2710 sio
223 2637 309 2710 satis
338 2636 579 2709 adumbrare.
597 2637 718 2732 Hujus
737 2649 862 2707 autern
882 2633 1016 2706 calculi
1035 2633 1155 2729 dejec-

135 2756 287 2828 tionem
319 2755 442 2827 multo
478 2756 669 2853 longiores
700 2754 845 2826 dexteri
874 2752 1157 2850 hypochondrii
1232 2815 1236 2821 .

139 2873 298 2954 dolores
310 2887 598 2971 precesserant:
614 2896 685 2942 nec
695 2868 1034 2968 Bezoidus(4)lieri
1045 2894 1154 2969 posse

139 3014 228 3062 non
246 3005 398 3078 censet,
418 2991 513 3087 quin
529 3013 550 3061 a
570 2989 733 3061 vesicula
748 2986 843 3059 fellis
856 2990 1085 3086 provenerit.
1100 2991 1156 3058 De

141 3105 316 3193 duabus,
335 3130 429 3205 quas
448 3106 624 3203 subjicit,
646 3105 974 3179 observationibus
991 3105 1157 3201 dejecto·

139 3247 235 3297 rum
251 3223 421 3322 lapidum
446 3225 602 3296 alterius
627 3229 773 3322 magni,
792 3226 946 3296 alterius
967 3225 1125 3295 minoris
1147 3256 1164 3312 ‚·
1230 3281 1232 3288 s

141 3345 229 3439 ipse
247 3340 354 3439 quod
373 3343 570 3430 malueris,
592 3354 741 3414 statues.
758 3345 882 3415 Prima
898 3343 999 3413 enim
1017 3357 1159 3417 certam

928 4051 991 4124 30*
