2580 4514
191 381 259 455 156
354 409 400 454 ne
426 408 569 457 sameas
594 367 645 460 rii,
663 409 786 457 causis
811 396 1020 457 noanoanrt

186 520 291 606 dr'rte5
309 521 421 617 hujus
437 538 559 594 autem
579 548 674 621 aegra
700 524 800 596 ulnae
819 523 1052 620 longitudine
1071 546 1163 594 men·

186 635 342 707 branam
364 663 408 708 ex
428 656 532 712 recto
554 641 731 712 intestino
749 641 972 714 exulcerato.
999 638 1161 738 Equidem

185 754 225 821 in
243 753 430 842 Panthe0‚
450 756 554 853 quod
572 759 659 829 citat
671 762 893 845 sennertus,
908 755 1004 855 quid
1019 755 1159 833 Saxonis.

183 871 338 942 nomine
361 872 502 944 editum
523 874 601 971 sit(
627 875 640 972 )
663 876 788 947 minus
807 872 1080 946 attendendum
1099 892 1158 944 cre·

102 988 105 1000 ¹
184 984 364 1076 diderim,
391 1005 476 1087 post
492 992 610 1086 justas
639 989 754 1088 hujus
783 990 830 1062 de
859 989 1018 1062 Panthei
1038 987 1158 1061 editore

182 1100 431 1177 Uffenbachio
447 1109 619 1204 querelas
636 1108 709 1207 (a),
727 1109 930 1207 praesertim
942 1131 1030 1178 cum
1043 1107 1082 1177 in
1093 1128 1158 1204 pra·

179 1219 406 1294 lectionibus
436 1227 601 1295 saxoniae
631 1226 820 1323 practicis,
850 1249 932 1322 quae
959 1223 1024 1294 hic
1052 1214 1158 1321 posta

180 1335 286 1407 editae
304 1355 411 1427 sunt,
432 1341 527 1412 nihil
546 1366 566 1411 a
586 1367 646 1413 me
673 1342 827 1440 quidem
843 1340 1058 1414 istiusmodi
1072 1360 1161 1439 repe-

177 1452 316 1540 riatur,
334 1456 398 1527 sed
418 1457 491 1529 hoc
504 1474 649 1530 tanturn
664 1458 739 1555 (3);
758 1457 862 1555 quod
883 1473 920 1528 et
939 1460 1066 1556 ipsum
1089 1460 1165 1528 Sen-

177 1583 286 1639 nerto
299 1568 487 1669 displicet,
504 1576 700 1645 Saxoniam
718 1590 883 1671 quotuor
898 1572 1037 1646 vidisse
1050 1562 1165 1667 dysen·

178 1689 307 1755 terinos
321 1693 359 1756 in
378 1692 511 1786 quibus
529 1698 567 1760 in
584 1691 661 1761 dies
674 1692 971 1762 excernebantur
981 1695 1168 1788 portiones

178 1803 341 1872 intestini
356 1819 433 1876 tam
448 1833 597 1904 magnae
607 1861 618 1894 ,
647 1823 690 1879 nt
712 1832 813 1906 stepo
832 1805 1057 1878 excederent
1076 1828 1167 1876 naen·

174 1939 301 1988 suram
320 1927 430 1993 trium
455 1925 521 1997 vel
537 1939 702 2023 quatuor
728 1924 949 2020 digitorum
971 1921 1165 2020 exquibus

173 2029 255 2103 dnae
269 2037 446 2113 mulieres
461 2057 592 2113 sanatae
603 2058 700 2114 sunt.
710 2046 928 2138 Harumque
937 2064 1013 2111 una
1021 2038 1165 2114 fortasse

171 2144 260 2239 fuit,
279 2179 391 2250 quarn
408 2158 480 2230 sibi
494 2160 631 2231 Patavii
645 2183 665 2228 a
683 2173 911 2257 praeceptore
923 2158 1162 2230 SaxoniaCas«

169 2289 283 2362 parus
310 2270 558 2348 Hoffmannus
571 2274 625 2373 (4)
645 2274 774 2347 scribit
792 2290 1000 2362 ostensam,
1026 2275 1157 2374 quaeiu
1192 2278 1197 2365 j

171 2383 380 2480 dysenteria
409 2409 622 2466 excreverat
644 2409 794 2490 partem
824 2396 987 2464 intestini
1000 2391 1157 2491 palmum

170 2497 340 2597 longam,
375 2508 569 2599 videlicet,
592 2524 634 2580 ut
660 2511 819 2607 opinor,
842 2511 873 2581 si
891 2513 1077 2581 universae
1099 2505 1155 2577 ill'e

168 2636 321 2691 excreta
344 2627 539 2720 portiones
559 2627 769 2722 conjunctae
792 2624 1102 2722 intelligerentur.
1115 2619 1154 2693 ll·

168 2731 232 2803 lud
253 2752 377 2810 tamen
399 2741 452 2811 ibi
476 2745 623 2841 egregie
644 2740 730 2813 fecit
755 2746 960 2813 Sennertus
979 2738 1086 2839 quod
1106 2736 1152 2811 ul·

165 2863 224 2921 tro
242 2850 359 2928 fassus
375 2873 450 2948 est,
466 2859 585 2931 miilt'a
592 2861 688 2956 fieri
695 2883 810 2958 posse
827 2883 913 2957 qoae
921 2859 1002 2956 ipse
1016 2882 1093 2929 non
1104 2857 1152 2928 oi·
1192 2894 1196 2969 ἰ

164 2966 284 3040 disset.
312 2979 410 3046 Sane
435 2977 465 3048 si
488 2977 667 3075 perpauci
692 2977 782 3047 anni
809 2974 925 3047 additi
942 2989 1068 3048 essent
1084 2972 1150 3069 ejus
1193 2974 1196 3051 ἶ

163 3085 265 3174 vitae,
288 3091 410 3190 Tulpii
425 3092 482 3191 (5)
499 3096 648 3193 legisset
678 3093 1005 3198 observationem,
1032 3091 1094 3191 qui
1110 3085 1149 3159 th

163 3202 309 3278 acribus
322 3210 587 3283 intestinorum
603 3208 829 3283 torminibus
839 3198 1050 3307 eorumque
1061 3204 1147 3280 exul·

162 3388 1142 3425 ‘bn—w

260 3838 294 3893 C.
313 3857 383 3899 122.
397 3840 447 3896 cit.
461 3858 550 3914 supra
560 3841 598 3896 ad
612 3860 643 3897 n.
660 3860 705 3913 17.

260 3937 332 3993 Obs.
346 3939 424 3995 med.
439 3941 459 3996 l.
475 3939 507 4010 3,
520 3958 545 3996 c.
562 3959 607 4010 17.
