2580 4514
204 389 274 438 tut.
303 389 364 438 111.
384 391 436 438 ‘DE
462 389 599 456 nonnts
623 390 795 456 VERRIS,
820 392 934 440 Elusa.
960 395 1044 442 XXX.
1077 395 1142 470 11¹7

138 516 204 575 tur.
216 503 472 602 Deindesaepe
482 502 595 592 adeo,
613 504 719 602 quod
731 505 1077 605 proximisqnoque
1087 509 1146 579 lit·
1252 573 1259 585 .

136 619 430 719 teris(1)scripsi
441 622 632 711 3vesiculae
642 623 784 719 vicinas
798 639 923 720 partes
934 625 977 695 in>
993 625 1154 704 cadave-v

135 739 238 812 ribus
247 739 386 812 flavere
398 741 672 838 conspicimus,
684 755 727 812 ut
740 740 830 812 inde
842 766 921 813 non
934 744 1145 841 peculiares

135 858 391 958 quorumdam
409 883 535 948 noxae,
546 858 612 931 sed
627 859 839 957 plerisque,
852 859 944 931 dum
964 862 1144 950 viverent,

134 1000 359 1049 communes
383 975 596 1074 repetendae
621 1001 699 1049 esse
721 975 950 1048 viderentur.
971 981 1145 1077 Denique
1174 1015 1177 1048 t

133 1097 205 1168 nisi
232 1109 404 1184 constet,
429 1093 469 1163 id
499 1108 625 1164 autem
653 1075 733 1165 non
761 1108 926 1183 constat,
954 1119 1039 1165 cum
1063 1122 1144 1169 eam

135 1213 186 1285 ibi
207 1213 418 1284 tincturam
430 1207 782 1285 animadverterunt
797 1212 938 1310 egregii
947 1213 1034 1299 viri,
1048 1213 1146 1285 nihil

133 1330 236 1403 aliud
267 1332 376 1403 iniis
404 1328 630 1429 corporibus
655 1328 796 1418 fuisse,
822 1332 883 1402 cui
909 1347 975 1402 aut
1000 1330 1145 1404 ardoris

134 1472 283 1535 sensm,
310 1462 375 1519 aut
399 1448 565 1520 vomitus
590 1462 717 1546 posset
743 1447 946 1547 imputari;
971 1448 1145 1521 dubitare

136 1563 187 1638 las
220 1581 298 1647 est,
329 1591 421 1637 num
443 1566 478 1636 ei
504 1579 621 1639 ca'usae
652 1565 694 1636 hi
722 1566 796 1637 sint
829 1564 984 1639 effectus
1006 1568 1145 1639 adscri-

137 1681 263 1755 bendi.
293 1683 515 1781 Exemplum
542 1685 651 1779 justae
683 1682 798 1778 hujus
828 1683 1074 1758 dubitationis
1104 1686 1144 1757 in

137 1799 267 1873 catella
282 1799 382 1872 dabo
396 1801 668 1898 quamjuvenis
679 1803 856 1887 Bononiae
866 1805 1048 1900 persecui.
1063 1809 1146 1899 Huc

135 1920 382 2009 enimattinet
398 1919 576 2006 maxime,
588 1934 625 1990 et
637 1916 923 1992 observationes
936 1921 976 1990 in
986 1920 1143 1996 canibus

135 2060 289 2133 quoque
317 2033 487 2123 habitas,
518 2051 598 2106 tum
629 2034 718 2105 alibi
741 2035 844 2107 haud
866 2061 953 2109 raro
980 2035 1143 2135 proferri

136 2151 248 2224 video
264 2154 306 2224 in
320 2150 589 2251 Sepulcbrew,
606 2168 688 2224 tum
701 2154 741 2224 in
758 2153 829 2224 hac
840 2155 921 2250 ipsa
939 2155 1050 2225 etiam
1065 2179 1143 2228 seo
1208 2252 1211 2257 ,

135 2269 262 2366 tione(
289 2269 314 2366 )

182 2413 242 2461 ao.
261 2389 401 2460 Catella
406 2388 539 2485 junior
552 2403 638 2486 post
649 2414 805 2489 magnos
813 2392 978 2463 vomitus
987 2408 1144 2490 repente

135 2521 213 2579 erat
231 2521 393 2579 mortua.
420 2507 546 2604 Pylori
568 2522 720 2579 antrum
739 2534 814 2607 qua
836 2507 923 2581 bilis
940 2512 1145 2582 vesiculam

134 2622 401 2723 contingebat,
417 2624 602 2696 flavedine
626 2623 807 2697 infectum
826 2628 973 2725 reperi,
1000 2653 1083 2726 quae
1098 2630 1146 2701 ab

134 2741 388 2816 exterioribus
413 2744 460 2814 ad
488 2743 669 2815 interiora
692 2759 926 2842 pervaserat,
951 2747 992 2815 in
1017 2747 1148 2820 tunica

134 2875 262 2934 tamen
286 2860 491 2952 subsistens
505 2862 654 2959 intima,
673 2877 716 2934 ut
737 2864 891 2934 materia
909 2887 992 2960 quae
1005 2867 1148 2936 ventri

135 2980 223 3052 culo
251 2977 543 3070 continebatur,
569 2982 630 3050 ovi
657 2980 836 3051 albumen
856 2977 1016 3053 referret
1037 2984 1149 3054 etiam

137 3097 279 3169 colore·
304 3099 404 3166 Dum
431 3091 560 3194 quaero
587 3098 682 3168 sitne
707 3097 808 3168 aliud
828 3097 1073 3171 adnotatione
1093 3100 1151 3171 di-

137 3238 254 3311 gnum
267 3267 278 3303 ‚
293 3210 427 3286 flavam
439 3215 580 3312 pariter
591 3240 670 3288 esse
680 3215 794 3286 video
810 3217 849 3286 in
864 3215 1149 3316 diaphragmate

138 3330 260 3404 centri
276 3332 356 3429 ejus
370 3332 541 3406 tendinei
559 3348 725 3432 partem,
739 3334 844 3431 quod
860 3359 950 3406 cum
965 3351 1150 3434 pertenue

138 3449 209 3538 sit,
227 3474 272 3521 ea
296 3452 502 3548 praesertim
523 3465 651 3538 aetate,
677 3450 901 3523 flavedinem
924 3454 965 3523 in
984 3453 1152 3526 thora-cis

137 3589 272 3638 cavum
291 3569 548 3641 transmiserat
565 3571 621 3642 sic
637 3585 681 3641 ut
695 3571 872 3668 contigua
892 3569 1028 3669 aliqua
1034 3573 1151 3670 parti-

179 3852 223 3933 (1)
243 3855 281 3911 n.
300 3855 348 3911 13.

180 3951 226 4032 (η)
247 3953 321 4012 oar.
341 3953 389 4012 as.
